%YAML 1.1
%TAG !u! tag:unity3d.com,2011:
--- !u!1 &9022976950570668
GameObject:
  m_ObjectHideFlags: 0
  m_CorrespondingSourceObject: {fileID: 0}
  m_PrefabInstance: {fileID: 0}
  m_PrefabAsset: {fileID: 0}
  serializedVersion: 6
  m_Component:
  - component: {fileID: 8564688250434125219}
  m_Layer: 0
  m_Name: mixamorig:LeftHandIndex3
  m_TagString: Untagged
  m_Icon: {fileID: 0}
  m_NavMeshLayer: 0
  m_StaticEditorFlags: 0
  m_IsActive: 1
--- !u!4 &8564688250434125219
Transform:
  m_ObjectHideFlags: 0
  m_CorrespondingSourceObject: {fileID: 0}
  m_PrefabInstance: {fileID: 0}
  m_PrefabAsset: {fileID: 0}
  m_GameObject: {fileID: 9022976950570668}
  m_LocalRotation: {x: 0.026011398, y: 0.00022275104, z: 0.0041055484, w: 0.9996532}
  m_LocalPosition: {x: 0.000014020673, y: 0.024129944, z: 2.8298686e-10}
  m_LocalScale: {x: 1, y: 1, z: 1}
  m_Children:
  - {fileID: 2062085055291524870}
  m_Father: {fileID: 8836478340646588368}
  m_RootOrder: 0
  m_LocalEulerAnglesHint: {x: 0.0000035993723, y: 0.03206746, z: 0.18427043}
--- !u!1 &167072538903139445
GameObject:
  m_ObjectHideFlags: 0
  m_CorrespondingSourceObject: {fileID: 0}
  m_PrefabInstance: {fileID: 0}
  m_PrefabAsset: {fileID: 0}
  serializedVersion: 6
  m_Component:
  - component: {fileID: 5280580417809093430}
  m_Layer: 0
  m_Name: mixamorig:LeftToeBase
  m_TagString: Untagged
  m_Icon: {fileID: 0}
  m_NavMeshLayer: 0
  m_StaticEditorFlags: 0
  m_IsActive: 1
--- !u!4 &5280580417809093430
Transform:
  m_ObjectHideFlags: 0
  m_CorrespondingSourceObject: {fileID: 0}
  m_PrefabInstance: {fileID: 0}
  m_PrefabAsset: {fileID: 0}
  m_GameObject: {fileID: 167072538903139445}
  m_LocalRotation: {x: 0.26641953, y: 0.007720039, z: -0.0021340137, w: 0.9638239}
  m_LocalPosition: {x: 2.2936798e-11, y: 0.10625686, z: -7.038231e-10}
  m_LocalScale: {x: 1, y: 1, z: 1}
  m_Children:
  - {fileID: 2944624532728043232}
  m_Father: {fileID: 3484782722317450665}
  m_RootOrder: 0
  m_LocalEulerAnglesHint: {x: 33.105583, y: -0.22944485, z: 2.6639454}
--- !u!1 &395632045724323619
GameObject:
  m_ObjectHideFlags: 0
  m_CorrespondingSourceObject: {fileID: 0}
  m_PrefabInstance: {fileID: 0}
  m_PrefabAsset: {fileID: 0}
  serializedVersion: 6
  m_Component:
  - component: {fileID: 6878945755432834932}
  m_Layer: 0
  m_Name: mixamorig:Spine
  m_TagString: Untagged
  m_Icon: {fileID: 0}
  m_NavMeshLayer: 0
  m_StaticEditorFlags: 0
  m_IsActive: 1
--- !u!4 &6878945755432834932
Transform:
  m_ObjectHideFlags: 0
  m_CorrespondingSourceObject: {fileID: 0}
  m_PrefabInstance: {fileID: 0}
  m_PrefabAsset: {fileID: 0}
  m_GameObject: {fileID: 395632045724323619}
  m_LocalRotation: {x: 0.11848408, y: -0.12814769, z: 0.006329392, w: 0.9846317}
  m_LocalPosition: {x: -0, y: 0.08122444, z: -0.00015048981}
  m_LocalScale: {x: 1, y: 1, z: 1}
  m_Children:
  - {fileID: 30206626717549468}
  m_Father: {fileID: 6565708813046588647}
  m_RootOrder: 2
  m_LocalEulerAnglesHint: {x: 5.7189894, y: -4.549383, z: 0.91450644}
--- !u!1 &505672244483183379
GameObject:
  m_ObjectHideFlags: 0
  m_CorrespondingSourceObject: {fileID: 0}
  m_PrefabInstance: {fileID: 0}
  m_PrefabAsset: {fileID: 0}
  serializedVersion: 6
  m_Component:
  - component: {fileID: 392797228443434411}
  m_Layer: 0
  m_Name: mixamorig:LeftHandRing2
  m_TagString: Untagged
  m_Icon: {fileID: 0}
  m_NavMeshLayer: 0
  m_StaticEditorFlags: 0
  m_IsActive: 1
--- !u!4 &392797228443434411
Transform:
  m_ObjectHideFlags: 0
  m_CorrespondingSourceObject: {fileID: 0}
  m_PrefabInstance: {fileID: 0}
  m_PrefabAsset: {fileID: 0}
  m_GameObject: {fileID: 505672244483183379}
  m_LocalRotation: {x: 0.10673618, y: 0.0036916374, z: -0.023544686, w: 0.99400175}
  m_LocalPosition: {x: 0.0013447835, y: 0.024066336, z: -9.006498e-11}
  m_LocalScale: {x: 1, y: 1, z: 1}
  m_Children:
  - {fileID: 2424422930791920931}
  m_Father: {fileID: 5421115369992188871}
  m_RootOrder: 0
  m_LocalEulerAnglesHint: {x: 31.863466, y: -2.5388393, z: -8.033288}
--- !u!1 &656859106725028343
GameObject:
  m_ObjectHideFlags: 0
  m_CorrespondingSourceObject: {fileID: 0}
  m_PrefabInstance: {fileID: 0}
  m_PrefabAsset: {fileID: 0}
  serializedVersion: 6
  m_Component:
  - component: {fileID: 7053102656854287678}
  m_Layer: 0
  m_Name: mixamorig:RightHandIndex1
  m_TagString: Untagged
  m_Icon: {fileID: 0}
  m_NavMeshLayer: 0
  m_StaticEditorFlags: 0
  m_IsActive: 1
--- !u!4 &7053102656854287678
Transform:
  m_ObjectHideFlags: 0
  m_CorrespondingSourceObject: {fileID: 0}
  m_PrefabInstance: {fileID: 0}
  m_PrefabAsset: {fileID: 0}
  m_GameObject: {fileID: 656859106725028343}
  m_LocalRotation: {x: 0.022431007, y: -0.001912485, z: 0.06302953, w: 0.99775773}
  m_LocalPosition: {x: -0.02503405, y: 0.07211293, z: -0.002765069}
  m_LocalScale: {x: 1, y: 1, z: 1}
  m_Children:
  - {fileID: 2534217563192204179}
  m_Father: {fileID: 680415296511794256}
  m_RootOrder: 0
  m_LocalEulerAnglesHint: {x: 4.0856247, y: -1.0471995, z: 6.4528174}
--- !u!1 &951042180295989932
GameObject:
  m_ObjectHideFlags: 0
  m_CorrespondingSourceObject: {fileID: 0}
  m_PrefabInstance: {fileID: 0}
  m_PrefabAsset: {fileID: 0}
  serializedVersion: 6
  m_Component:
  - component: {fileID: 4368796596500437634}
  m_Layer: 0
  m_Name: mixamorig:RightHandMiddle3
  m_TagString: Untagged
  m_Icon: {fileID: 0}
  m_NavMeshLayer: 0
  m_StaticEditorFlags: 0
  m_IsActive: 1
--- !u!4 &4368796596500437634
Transform:
  m_ObjectHideFlags: 0
  m_CorrespondingSourceObject: {fileID: 0}
  m_PrefabInstance: {fileID: 0}
  m_PrefabAsset: {fileID: 0}
  m_GameObject: {fileID: 951042180295989932}
  m_LocalRotation: {x: 0.013937529, y: 0.0016893572, z: 0.0068750093, w: 0.9998778}
  m_LocalPosition: {x: 0.00012140834, y: 0.023588352, z: 8.45428e-10}
  m_LocalScale: {x: 1, y: 1, z: 1}
  m_Children:
  - {fileID: 1994305053739385777}
  m_Father: {fileID: 5243545051903753364}
  m_RootOrder: 0
  m_LocalEulerAnglesHint: {x: 0.0011162992, y: 0.21477433, z: 0.9329823}
--- !u!1 &1003909952778663361
GameObject:
  m_ObjectHideFlags: 0
  m_CorrespondingSourceObject: {fileID: 0}
  m_PrefabInstance: {fileID: 0}
  m_PrefabAsset: {fileID: 0}
  serializedVersion: 6
  m_Component:
  - component: {fileID: 19969091426233328}
  m_Layer: 0
  m_Name: mixamorig:RightHandPinky1
  m_TagString: Untagged
  m_Icon: {fileID: 0}
  m_NavMeshLayer: 0
  m_StaticEditorFlags: 0
  m_IsActive: 1
--- !u!4 &19969091426233328
Transform:
  m_ObjectHideFlags: 0
  m_CorrespondingSourceObject: {fileID: 0}
  m_PrefabInstance: {fileID: 0}
  m_PrefabAsset: {fileID: 0}
  m_GameObject: {fileID: 1003909952778663361}
  m_LocalRotation: {x: 0.022363514, y: 0.00041775368, z: 0.017012892, w: 0.99960506}
  m_LocalPosition: {x: 0.024779605, y: 0.06873699, z: -0.00021367153}
  m_LocalScale: {x: 1, y: 1, z: 1}
  m_Children:
  - {fileID: 6505906521486974148}
  m_Father: {fileID: 680415296511794256}
  m_RootOrder: 2
  m_LocalEulerAnglesHint: {x: 23.612196, y: 2.0120785, z: -7.229975}
--- !u!1 &1217216271807016289
GameObject:
  m_ObjectHideFlags: 0
  m_CorrespondingSourceObject: {fileID: 0}
  m_PrefabInstance: {fileID: 0}
  m_PrefabAsset: {fileID: 0}
  serializedVersion: 6
  m_Component:
  - component: {fileID: 8284461742716295685}
  m_Layer: 0
  m_Name: mixamorig:RightShoulder
  m_TagString: Untagged
  m_Icon: {fileID: 0}
  m_NavMeshLayer: 0
  m_StaticEditorFlags: 0
  m_IsActive: 1
--- !u!4 &8284461742716295685
Transform:
  m_ObjectHideFlags: 0
  m_CorrespondingSourceObject: {fileID: 0}
  m_PrefabInstance: {fileID: 0}
  m_PrefabAsset: {fileID: 0}
  m_GameObject: {fileID: 1217216271807016289}
  m_LocalRotation: {x: 0.6207405, y: 0.37719586, z: -0.5631246, w: 0.39407519}
  m_LocalPosition: {x: 0.050489265, y: 0.09713631, z: -0.00011969818}
  m_LocalScale: {x: 1, y: 1, z: 1}
  m_Children:
  - {fileID: 4864243970781871261}
  m_Father: {fileID: 1571779021280408567}
  m_RootOrder: 2
  m_LocalEulerAnglesHint: {x: 60.29565, y: -101.77733, z: 177.17517}
--- !u!1 &1358922337862377950
GameObject:
  m_ObjectHideFlags: 0
  m_CorrespondingSourceObject: {fileID: 0}
  m_PrefabInstance: {fileID: 0}
  m_PrefabAsset: {fileID: 0}
  serializedVersion: 6
  m_Component:
  - component: {fileID: 4864243970781871261}
  m_Layer: 0
  m_Name: mixamorig:RightArm
  m_TagString: Untagged
  m_Icon: {fileID: 0}
  m_NavMeshLayer: 0
  m_StaticEditorFlags: 0
  m_IsActive: 1
--- !u!4 &4864243970781871261
Transform:
  m_ObjectHideFlags: 0
  m_CorrespondingSourceObject: {fileID: 0}
  m_PrefabInstance: {fileID: 0}
  m_PrefabAsset: {fileID: 0}
  m_GameObject: {fileID: 1358922337862377950}
  m_LocalRotation: {x: 0.2682426, y: -0.050214637, z: 0.13041961, w: 0.95316064}
  m_LocalPosition: {x: -9.160943e-12, y: 0.11320541, z: -0.0000000014563979}
  m_LocalScale: {x: 1, y: 1, z: 1}
  m_Children:
  - {fileID: 3699601782496319024}
  m_Father: {fileID: 8284461742716295685}
  m_RootOrder: 0
  m_LocalEulerAnglesHint: {x: 35.227554, y: -25.492653, z: -29.091827}
--- !u!1 &1548045795162557368
GameObject:
  m_ObjectHideFlags: 0
  m_CorrespondingSourceObject: {fileID: 0}
  m_PrefabInstance: {fileID: 0}
  m_PrefabAsset: {fileID: 0}
  serializedVersion: 6
  m_Component:
  - component: {fileID: 6505906521486974148}
  m_Layer: 0
  m_Name: mixamorig:RightHandPinky2
  m_TagString: Untagged
  m_Icon: {fileID: 0}
  m_NavMeshLayer: 0
  m_StaticEditorFlags: 0
  m_IsActive: 1
--- !u!4 &6505906521486974148
Transform:
  m_ObjectHideFlags: 0
  m_CorrespondingSourceObject: {fileID: 0}
  m_PrefabInstance: {fileID: 0}
  m_PrefabAsset: {fileID: 0}
  m_GameObject: {fileID: 1548045795162557368}
  m_LocalRotation: {x: 0.14452882, y: -0.0038745005, z: 0.046118807, w: 0.9884177}
  m_LocalPosition: {x: -0.0018837282, y: 0.022351837, z: 5.1704488e-11}
  m_LocalScale: {x: 1, y: 1, z: 1}
  m_Children:
  - {fileID: 3663273841706733040}
  m_Father: {fileID: 19969091426233328}
  m_RootOrder: 0
  m_LocalEulerAnglesHint: {x: 39.794266, y: 8.95877, z: 19.784546}
--- !u!1 &2019186037912575689
GameObject:
  m_ObjectHideFlags: 0
  m_CorrespondingSourceObject: {fileID: 0}
  m_PrefabInstance: {fileID: 0}
  m_PrefabAsset: {fileID: 0}
  serializedVersion: 6
  m_Component:
  - component: {fileID: 1679358516315636851}
  - component: {fileID: 1208370773769096909}
  - component: {fileID: 1208370773769096906}
  - component: {fileID: 1208370773769096910}
  - component: {fileID: 1208370773769096752}
  - component: {fileID: 1208370773769096908}
  m_Layer: 6
  m_Name: Character_Main
  m_TagString: Player
  m_Icon: {fileID: 0}
  m_NavMeshLayer: 0
  m_StaticEditorFlags: 0
  m_IsActive: 0
--- !u!4 &1679358516315636851
Transform:
  m_ObjectHideFlags: 0
  m_CorrespondingSourceObject: {fileID: 0}
  m_PrefabInstance: {fileID: 0}
  m_PrefabAsset: {fileID: 0}
  m_GameObject: {fileID: 2019186037912575689}
  m_LocalRotation: {x: -0, y: -0, z: -0, w: 1}
  m_LocalPosition: {x: 0, y: -0.009000063, z: -6.8348303}
  m_LocalScale: {x: 1.4999998, y: 1.5, z: 1.4999998}
  m_Children:
  - {fileID: 6565708813046588647}
  - {fileID: 3866484491136965576}
  m_Father: {fileID: 0}
  m_RootOrder: 0
  m_LocalEulerAnglesHint: {x: 0, y: 0, z: 0}
--- !u!54 &1208370773769096909
Rigidbody:
  m_ObjectHideFlags: 0
  m_CorrespondingSourceObject: {fileID: 0}
  m_PrefabInstance: {fileID: 0}
  m_PrefabAsset: {fileID: 0}
  m_GameObject: {fileID: 2019186037912575689}
  serializedVersion: 2
  m_Mass: 1
  m_Drag: 0
  m_AngularDrag: 0.05
  m_UseGravity: 1
  m_IsKinematic: 0
  m_Interpolate: 0
  m_Constraints: 112
  m_CollisionDetection: 0
--- !u!136 &1208370773769096906
CapsuleCollider:
  m_ObjectHideFlags: 0
  m_CorrespondingSourceObject: {fileID: 0}
  m_PrefabInstance: {fileID: 0}
  m_PrefabAsset: {fileID: 0}
  m_GameObject: {fileID: 2019186037912575689}
  m_Material: {fileID: 0}
  m_IsTrigger: 0
  m_Enabled: 1
  m_Radius: 0.3
  m_Height: 1.5
  m_Direction: 1
  m_Center: {x: 0, y: 0.7, z: 0}
--- !u!95 &1208370773769096910
Animator:
  serializedVersion: 3
  m_ObjectHideFlags: 0
  m_CorrespondingSourceObject: {fileID: 0}
  m_PrefabInstance: {fileID: 0}
  m_PrefabAsset: {fileID: 0}
  m_GameObject: {fileID: 2019186037912575689}
  m_Enabled: 1
  m_Avatar: {fileID: 0}
  m_Controller: {fileID: 9100000, guid: d5e964726b5e8e447aef01f22e3eeb04, type: 2}
  m_CullingMode: 0
  m_UpdateMode: 0
  m_ApplyRootMotion: 0
  m_LinearVelocityBlending: 0
  m_WarningMessage: 
  m_HasTransformHierarchy: 1
  m_AllowConstantClipSamplingOptimization: 1
  m_KeepAnimatorControllerStateOnDisable: 0
--- !u!114 &1208370773769096752
MonoBehaviour:
  m_ObjectHideFlags: 0
  m_CorrespondingSourceObject: {fileID: 0}
  m_PrefabInstance: {fileID: 0}
  m_PrefabAsset: {fileID: 0}
  m_GameObject: {fileID: 2019186037912575689}
  m_Enabled: 1
  m_EditorHideFlags: 0
  m_Script: {fileID: 11500000, guid: dcce2b13acccb484fb59b947676ef346, type: 3}
  m_Name: 
  m_EditorClassIdentifier: 
  controller: {fileID: 0}
  groundedPlayer: 0
  canMove: 0
  hasjumped: 0
  perfectUIPanel: {fileID: 0}
  pushForce: 5000
  fastTapMiniGame: 0
  deaccSpeed: -300
  storeMoveSpeed: 0
  canTakeFastTap: 0
  FastTapMiniGamePanel: {fileID: 0}
  animCollider: {fileID: 1208370775784173515}
  rampClimbPos: {fileID: 0}
  climbingDonePosition: {fileID: 0}
  moveSpeed: 1.5
  shear: 0
  tempMoveSpeed: 0
  respawnPoint: {fileID: 0}
--- !u!114 &1208370773769096908
MonoBehaviour:
  m_ObjectHideFlags: 0
  m_CorrespondingSourceObject: {fileID: 0}
  m_PrefabInstance: {fileID: 0}
  m_PrefabAsset: {fileID: 0}
  m_GameObject: {fileID: 2019186037912575689}
  m_Enabled: 0
  m_EditorHideFlags: 0
  m_Script: {fileID: 11500000, guid: 561df17e177eec44ba2d874224657cc8, type: 3}
  m_Name: 
  m_EditorClassIdentifier: 
  delta: {x: 0, y: 0, z: 0}
  miniGameUI: {fileID: 0}
  dragBarPanel: {fileID: 0}
--- !u!1 &2209737071122189037
GameObject:
  m_ObjectHideFlags: 0
  m_CorrespondingSourceObject: {fileID: 0}
  m_PrefabInstance: {fileID: 0}
  m_PrefabAsset: {fileID: 0}
  serializedVersion: 6
  m_Component:
  - component: {fileID: 1406798961769660624}
  m_Layer: 0
  m_Name: mixamorig:RightHandThumb4
  m_TagString: Untagged
  m_Icon: {fileID: 0}
  m_NavMeshLayer: 0
  m_StaticEditorFlags: 0
  m_IsActive: 1
--- !u!4 &1406798961769660624
Transform:
  m_ObjectHideFlags: 0
  m_CorrespondingSourceObject: {fileID: 0}
  m_PrefabInstance: {fileID: 0}
  m_PrefabAsset: {fileID: 0}
  m_GameObject: {fileID: 2209737071122189037}
  m_LocalRotation: {x: 0, y: -0, z: -0, w: 1}
  m_LocalPosition: {x: 0.005152428, y: 0.023183672, z: 2.6569927e-10}
  m_LocalScale: {x: 1, y: 1, z: 1}
  m_Children: []
  m_Father: {fileID: 795669875815453314}
  m_RootOrder: 0
  m_LocalEulerAnglesHint: {x: 0, y: 0, z: 0}
--- !u!1 &2288389694516690322
GameObject:
  m_ObjectHideFlags: 0
  m_CorrespondingSourceObject: {fileID: 0}
  m_PrefabInstance: {fileID: 0}
  m_PrefabAsset: {fileID: 0}
  serializedVersion: 6
  m_Component:
  - component: {fileID: 6565708813046588647}
  - component: {fileID: 1208370775784173515}
  m_Layer: 0
  m_Name: mixamorig:Hips
  m_TagString: Untagged
  m_Icon: {fileID: 0}
  m_NavMeshLayer: 0
  m_StaticEditorFlags: 0
  m_IsActive: 1
--- !u!4 &6565708813046588647
Transform:
  m_ObjectHideFlags: 0
  m_CorrespondingSourceObject: {fileID: 0}
  m_PrefabInstance: {fileID: 0}
  m_PrefabAsset: {fileID: 0}
  m_GameObject: {fileID: 2288389694516690322}
  m_LocalRotation: {x: 0.06696042, y: 0.060505677, z: 0.0034014091, w: 0.99591357}
  m_LocalPosition: {x: -0.0038291272, y: 0.5105992, z: -0.02152635}
  m_LocalScale: {x: 1, y: 1, z: 1}
  m_Children:
  - {fileID: 3693116864532848027}
  - {fileID: 7033361197469045720}
  - {fileID: 6878945755432834932}
  m_Father: {fileID: 1679358516315636851}
  m_RootOrder: 0
  m_LocalEulerAnglesHint: {x: -4.445587, y: 43.090565, z: -0.27032447}
--- !u!136 &1208370775784173515
CapsuleCollider:
  m_ObjectHideFlags: 0
  m_CorrespondingSourceObject: {fileID: 0}
  m_PrefabInstance: {fileID: 0}
  m_PrefabAsset: {fileID: 0}
  m_GameObject: {fileID: 2288389694516690322}
  m_Material: {fileID: 0}
  m_IsTrigger: 0
  m_Enabled: 0
  m_Radius: 0.3
  m_Height: 1.5
  m_Direction: 1
  m_Center: {x: 0, y: 0.2, z: 0}
--- !u!1 &2380954463040475520
GameObject:
  m_ObjectHideFlags: 0
  m_CorrespondingSourceObject: {fileID: 0}
  m_PrefabInstance: {fileID: 0}
  m_PrefabAsset: {fileID: 0}
  serializedVersion: 6
  m_Component:
  - component: {fileID: 3663273841706733040}
  m_Layer: 0
  m_Name: mixamorig:RightHandPinky3
  m_TagString: Untagged
  m_Icon: {fileID: 0}
  m_NavMeshLayer: 0
  m_StaticEditorFlags: 0
  m_IsActive: 1
--- !u!4 &3663273841706733040
Transform:
  m_ObjectHideFlags: 0
  m_CorrespondingSourceObject: {fileID: 0}
  m_PrefabInstance: {fileID: 0}
  m_PrefabAsset: {fileID: 0}
  m_GameObject: {fileID: 2380954463040475520}
  m_LocalRotation: {x: 0.014239771, y: 0.0053577577, z: 0.019737054, w: 0.99968946}
  m_LocalPosition: {x: 0.00060020504, y: 0.01652918, z: 5.954807e-10}
  m_LocalScale: {x: 1, y: 1, z: 1}
  m_Children:
  - {fileID: 4969895057235471432}
  m_Father: {fileID: 6505906521486974148}
  m_RootOrder: 0
  m_LocalEulerAnglesHint: {x: 0.02559759, y: 0.70605415, z: 2.412405}
--- !u!1 &2456037969848156943
GameObject:
  m_ObjectHideFlags: 0
  m_CorrespondingSourceObject: {fileID: 0}
  m_PrefabInstance: {fileID: 0}
  m_PrefabAsset: {fileID: 0}
  serializedVersion: 6
  m_Component:
  - component: {fileID: 4088498177954231600}
  m_Layer: 0
  m_Name: mixamorig:RightToeBase
  m_TagString: Untagged
  m_Icon: {fileID: 0}
  m_NavMeshLayer: 0
  m_StaticEditorFlags: 0
  m_IsActive: 1
--- !u!4 &4088498177954231600
Transform:
  m_ObjectHideFlags: 0
  m_CorrespondingSourceObject: {fileID: 0}
  m_PrefabInstance: {fileID: 0}
  m_PrefabAsset: {fileID: 0}
  m_GameObject: {fileID: 2456037969848156943}
  m_LocalRotation: {x: 0.5242028, y: -0.006819003, z: -0.012218384, w: 0.8514786}
  m_LocalPosition: {x: -9.7982206e-11, y: 0.10322922, z: -3.2310635e-10}
  m_LocalScale: {x: 1, y: 1, z: 1}
  m_Children:
  - {fileID: 9178501825767888274}
  m_Father: {fileID: 1780557627560461796}
  m_RootOrder: 0
  m_LocalEulerAnglesHint: {x: 33.80028, y: -1.326204, z: -0.027163904}
--- !u!1 &2516717513159512465
GameObject:
  m_ObjectHideFlags: 0
  m_CorrespondingSourceObject: {fileID: 0}
  m_PrefabInstance: {fileID: 0}
  m_PrefabAsset: {fileID: 0}
  serializedVersion: 6
  m_Component:
  - component: {fileID: 9135893604979196485}
  m_Layer: 0
  m_Name: mixamorig:RightHandIndex4
  m_TagString: Untagged
  m_Icon: {fileID: 0}
  m_NavMeshLayer: 0
  m_StaticEditorFlags: 0
  m_IsActive: 1
--- !u!4 &9135893604979196485
Transform:
  m_ObjectHideFlags: 0
  m_CorrespondingSourceObject: {fileID: 0}
  m_PrefabInstance: {fileID: 0}
  m_PrefabAsset: {fileID: 0}
  m_GameObject: {fileID: 2516717513159512465}
  m_LocalRotation: {x: 0, y: -0, z: -0, w: 1}
  m_LocalPosition: {x: -0.00019235896, y: 0.022124795, z: -1.406014e-10}
  m_LocalScale: {x: 1, y: 1, z: 1}
  m_Children: []
  m_Father: {fileID: 6231154493054134490}
  m_RootOrder: 0
  m_LocalEulerAnglesHint: {x: 0, y: 0, z: 0}
--- !u!1 &2676960272298907819
GameObject:
  m_ObjectHideFlags: 0
  m_CorrespondingSourceObject: {fileID: 0}
  m_PrefabInstance: {fileID: 0}
  m_PrefabAsset: {fileID: 0}
  serializedVersion: 6
  m_Component:
  - component: {fileID: 2300773438499989709}
  m_Layer: 0
  m_Name: mixamorig:RightHandRing3
  m_TagString: Untagged
  m_Icon: {fileID: 0}
  m_NavMeshLayer: 0
  m_StaticEditorFlags: 0
  m_IsActive: 1
--- !u!4 &2300773438499989709
Transform:
  m_ObjectHideFlags: 0
  m_CorrespondingSourceObject: {fileID: 0}
  m_PrefabInstance: {fileID: 0}
  m_PrefabAsset: {fileID: 0}
  m_GameObject: {fileID: 2676960272298907819}
  m_LocalRotation: {x: 0.013991704, y: 0.0032545738, z: 0.013109159, w: 0.9998109}
  m_LocalPosition: {x: 0.00030414885, y: 0.020776972, z: -8.0689944e-10}
  m_LocalScale: {x: 1, y: 1, z: 1}
  m_Children:
  - {fileID: 3495567528368031018}
  m_Father: {fileID: 5118290212104930076}
  m_RootOrder: 0
  m_LocalEulerAnglesHint: {x: 0.006179674, y: 0.4196703, z: 1.6746609}
--- !u!1 &2740883532270171859
GameObject:
  m_ObjectHideFlags: 0
  m_CorrespondingSourceObject: {fileID: 0}
  m_PrefabInstance: {fileID: 0}
  m_PrefabAsset: {fileID: 0}
  serializedVersion: 6
  m_Component:
  - component: {fileID: 8508353833705545057}
  m_Layer: 0
  m_Name: mixamorig:LeftForeArm
  m_TagString: Untagged
  m_Icon: {fileID: 0}
  m_NavMeshLayer: 0
  m_StaticEditorFlags: 0
  m_IsActive: 1
--- !u!4 &8508353833705545057
Transform:
  m_ObjectHideFlags: 0
  m_CorrespondingSourceObject: {fileID: 0}
  m_PrefabInstance: {fileID: 0}
  m_PrefabAsset: {fileID: 0}
  m_GameObject: {fileID: 2740883532270171859}
  m_LocalRotation: {x: 0.003034189, y: -0.001005527, z: -0.59060156, w: 0.80695707}
  m_LocalPosition: {x: -4.3161173e-11, y: 0.20456214, z: 0.0000000034593397}
  m_LocalScale: {x: 1, y: 1, z: 1}
  m_Children:
  - {fileID: 5402237105958729307}
  m_Father: {fileID: 4654846423754174624}
  m_RootOrder: 0
  m_LocalEulerAnglesHint: {x: -3.8236442, y: -5.7083874, z: -47.664753}
--- !u!1 &2820243209637861088
GameObject:
  m_ObjectHideFlags: 0
  m_CorrespondingSourceObject: {fileID: 0}
  m_PrefabInstance: {fileID: 0}
  m_PrefabAsset: {fileID: 0}
  serializedVersion: 6
  m_Component:
  - component: {fileID: 5379703028799569802}
  m_Layer: 0
  m_Name: mixamorig:Neck
  m_TagString: Untagged
  m_Icon: {fileID: 0}
  m_NavMeshLayer: 0
  m_StaticEditorFlags: 0
  m_IsActive: 1
--- !u!4 &5379703028799569802
Transform:
  m_ObjectHideFlags: 0
  m_CorrespondingSourceObject: {fileID: 0}
  m_PrefabInstance: {fileID: 0}
  m_PrefabAsset: {fileID: 0}
  m_GameObject: {fileID: 2820243209637861088}
  m_LocalRotation: {x: 0.039737653, y: 0.02059844, z: 0.027505293, w: 0.9986191}
  m_LocalPosition: {x: -0, y: 0.12183675, z: -3.709611e-10}
  m_LocalScale: {x: 1, y: 1, z: 1}
  m_Children:
  - {fileID: 4693548349909915376}
  m_Father: {fileID: 1571779021280408567}
  m_RootOrder: 1
  m_LocalEulerAnglesHint: {x: -4.1959887, y: 1.2734863, z: -0.28111658}
--- !u!1 &2873989014708476036
GameObject:
  m_ObjectHideFlags: 0
  m_CorrespondingSourceObject: {fileID: 0}
  m_PrefabInstance: {fileID: 0}
  m_PrefabAsset: {fileID: 0}
  serializedVersion: 6
  m_Component:
  - component: {fileID: 2062085055291524870}
  m_Layer: 0
  m_Name: mixamorig:LeftHandIndex4
  m_TagString: Untagged
  m_Icon: {fileID: 0}
  m_NavMeshLayer: 0
  m_StaticEditorFlags: 0
  m_IsActive: 1
--- !u!4 &2062085055291524870
Transform:
  m_ObjectHideFlags: 0
  m_CorrespondingSourceObject: {fileID: 0}
  m_PrefabInstance: {fileID: 0}
  m_PrefabAsset: {fileID: 0}
  m_GameObject: {fileID: 2873989014708476036}
  m_LocalRotation: {x: 0, y: -0, z: -0, w: 1}
  m_LocalPosition: {x: 0.00008844159, y: 0.023180153, z: -5.167905e-11}
  m_LocalScale: {x: 1, y: 1, z: 1}
  m_Children: []
  m_Father: {fileID: 8564688250434125219}
  m_RootOrder: 0
  m_LocalEulerAnglesHint: {x: 0, y: 0, z: 0}
--- !u!1 &3013761221569564329
GameObject:
  m_ObjectHideFlags: 0
  m_CorrespondingSourceObject: {fileID: 0}
  m_PrefabInstance: {fileID: 0}
  m_PrefabAsset: {fileID: 0}
  serializedVersion: 6
  m_Component:
  - component: {fileID: 2203923846333120046}
  m_Layer: 0
  m_Name: mixamorig:LeftHandThumb3
  m_TagString: Untagged
  m_Icon: {fileID: 0}
  m_NavMeshLayer: 0
  m_StaticEditorFlags: 0
  m_IsActive: 1
--- !u!4 &2203923846333120046
Transform:
  m_ObjectHideFlags: 0
  m_CorrespondingSourceObject: {fileID: 0}
  m_PrefabInstance: {fileID: 0}
  m_PrefabAsset: {fileID: 0}
  m_GameObject: {fileID: 3013761221569564329}
  m_LocalRotation: {x: -0.021610353, y: 0.0014619288, z: -0.090294756, w: 0.99567956}
  m_LocalPosition: {x: 0.0013414788, y: 0.024890264, z: -5.780386e-11}
  m_LocalScale: {x: 1, y: 1, z: 1}
  m_Children:
  - {fileID: 4061534952821003139}
  m_Father: {fileID: 3463482690184364610}
  m_RootOrder: 0
  m_LocalEulerAnglesHint: {x: 0.015554826, y: 0.28840327, z: -12.163684}
--- !u!1 &3029001128141054257
GameObject:
  m_ObjectHideFlags: 0
  m_CorrespondingSourceObject: {fileID: 0}
  m_PrefabInstance: {fileID: 0}
  m_PrefabAsset: {fileID: 0}
  serializedVersion: 6
  m_Component:
  - component: {fileID: 795669875815453314}
  m_Layer: 0
  m_Name: mixamorig:RightHandThumb3
  m_TagString: Untagged
  m_Icon: {fileID: 0}
  m_NavMeshLayer: 0
  m_StaticEditorFlags: 0
  m_IsActive: 1
--- !u!4 &795669875815453314
Transform:
  m_ObjectHideFlags: 0
  m_CorrespondingSourceObject: {fileID: 0}
  m_PrefabInstance: {fileID: 0}
  m_PrefabAsset: {fileID: 0}
  m_GameObject: {fileID: 3029001128141054257}
  m_LocalRotation: {x: -0.040563382, y: 0.010420285, z: 0.14634389, w: 0.9883469}
  m_LocalPosition: {x: -0.0017673412, y: 0.023707632, z: 6.912272e-10}
  m_LocalScale: {x: 1, y: 1, z: 1}
  m_Children:
  - {fileID: 1406798961769660624}
  m_Father: {fileID: 7146869695511878405}
  m_RootOrder: 0
  m_LocalEulerAnglesHint: {x: -0.0133445235, y: 0.17910402, z: 16.791254}
--- !u!1 &3052126723001240018
GameObject:
  m_ObjectHideFlags: 0
  m_CorrespondingSourceObject: {fileID: 0}
  m_PrefabInstance: {fileID: 0}
  m_PrefabAsset: {fileID: 0}
  serializedVersion: 6
  m_Component:
  - component: {fileID: 7081553199319170458}
  m_Layer: 0
  m_Name: mixamorig:LeftHandRing4
  m_TagString: Untagged
  m_Icon: {fileID: 0}
  m_NavMeshLayer: 0
  m_StaticEditorFlags: 0
  m_IsActive: 1
--- !u!4 &7081553199319170458
Transform:
  m_ObjectHideFlags: 0
  m_CorrespondingSourceObject: {fileID: 0}
  m_PrefabInstance: {fileID: 0}
  m_PrefabAsset: {fileID: 0}
  m_GameObject: {fileID: 3052126723001240018}
  m_LocalRotation: {x: 0, y: -0, z: -0, w: 1}
  m_LocalPosition: {x: -0.0010257699, y: 0.020943787, z: -3.6846215e-10}
  m_LocalScale: {x: 1, y: 1, z: 1}
  m_Children: []
  m_Father: {fileID: 2424422930791920931}
  m_RootOrder: 0
  m_LocalEulerAnglesHint: {x: 0, y: 0, z: 0}
--- !u!1 &3269722529759990069
GameObject:
  m_ObjectHideFlags: 0
  m_CorrespondingSourceObject: {fileID: 0}
  m_PrefabInstance: {fileID: 0}
  m_PrefabAsset: {fileID: 0}
  serializedVersion: 6
  m_Component:
  - component: {fileID: 6231154493054134490}
  m_Layer: 0
  m_Name: mixamorig:RightHandIndex3
  m_TagString: Untagged
  m_Icon: {fileID: 0}
  m_NavMeshLayer: 0
  m_StaticEditorFlags: 0
  m_IsActive: 1
--- !u!4 &6231154493054134490
Transform:
  m_ObjectHideFlags: 0
  m_CorrespondingSourceObject: {fileID: 0}
  m_PrefabInstance: {fileID: 0}
  m_PrefabAsset: {fileID: 0}
  m_GameObject: {fileID: 3269722529759990069}
  m_LocalRotation: {x: 0.013920997, y: -0.000619997, z: -0.005140648, w: 0.99988973}
  m_LocalPosition: {x: -0.000018796023, y: 0.02294078, z: 3.1727793e-10}
  m_LocalScale: {x: 1, y: 1, z: 1}
  m_Children:
  - {fileID: 9135893604979196485}
  m_Father: {fileID: 2534217563192204179}
  m_RootOrder: 0
  m_LocalEulerAnglesHint: {x: 0.000036349553, y: -0.07864027, z: -0.44974446}
--- !u!1 &3361303686688189012
GameObject:
  m_ObjectHideFlags: 0
  m_CorrespondingSourceObject: {fileID: 0}
  m_PrefabInstance: {fileID: 0}
  m_PrefabAsset: {fileID: 0}
  serializedVersion: 6
  m_Component:
  - component: {fileID: 5402237105958729307}
  m_Layer: 0
  m_Name: mixamorig:LeftHand
  m_TagString: Untagged
  m_Icon: {fileID: 0}
  m_NavMeshLayer: 0
  m_StaticEditorFlags: 0
  m_IsActive: 1
--- !u!4 &5402237105958729307
Transform:
  m_ObjectHideFlags: 0
  m_CorrespondingSourceObject: {fileID: 0}
  m_PrefabInstance: {fileID: 0}
  m_PrefabAsset: {fileID: 0}
  m_GameObject: {fileID: 3361303686688189012}
  m_LocalRotation: {x: 0.029389083, y: 0.063104115, z: 0.09228651, w: 0.9932962}
  m_LocalPosition: {x: -4.8947423e-11, y: 0.11341017, z: 0.0000000010762413}
  m_LocalScale: {x: 1, y: 1, z: 1}
  m_Children:
  - {fileID: 194558488618494068}
  - {fileID: 7085557550375441520}
  - {fileID: 5847656920027276829}
  - {fileID: 5421115369992188871}
  - {fileID: 6254038311643721678}
  m_Father: {fileID: 8508353833705545057}
  m_RootOrder: 0
  m_LocalEulerAnglesHint: {x: -17.965956, y: -18.62272, z: 8.459604}
--- !u!1 &3451252609854995525
GameObject:
  m_ObjectHideFlags: 0
  m_CorrespondingSourceObject: {fileID: 0}
  m_PrefabInstance: {fileID: 0}
  m_PrefabAsset: {fileID: 0}
  serializedVersion: 6
  m_Component:
  - component: {fileID: 194558488618494068}
  m_Layer: 0
  m_Name: mixamorig:LeftHandIndex1
  m_TagString: Untagged
  m_Icon: {fileID: 0}
  m_NavMeshLayer: 0
  m_StaticEditorFlags: 0
  m_IsActive: 1
--- !u!4 &194558488618494068
Transform:
  m_ObjectHideFlags: 0
  m_CorrespondingSourceObject: {fileID: 0}
  m_PrefabInstance: {fileID: 0}
  m_PrefabAsset: {fileID: 0}
  m_GameObject: {fileID: 3451252609854995525}
  m_LocalRotation: {x: 0.045240425, y: 0.0013686926, z: -0.057182703, w: 0.9973373}
  m_LocalPosition: {x: 0.024952365, y: 0.0687294, z: -0.0021848755}
  m_LocalScale: {x: 1, y: 1, z: 1}
  m_Children:
  - {fileID: 8836478340646588368}
  m_Father: {fileID: 5402237105958729307}
  m_RootOrder: 0
  m_LocalEulerAnglesHint: {x: 2.9042463, y: 0.5555253, z: -14.2163725}
--- !u!1 &3686041829951285350
GameObject:
  m_ObjectHideFlags: 0
  m_CorrespondingSourceObject: {fileID: 0}
  m_PrefabInstance: {fileID: 0}
  m_PrefabAsset: {fileID: 0}
  serializedVersion: 6
  m_Component:
  - component: {fileID: 5421115369992188871}
  m_Layer: 0
  m_Name: mixamorig:LeftHandRing1
  m_TagString: Untagged
  m_Icon: {fileID: 0}
  m_NavMeshLayer: 0
  m_StaticEditorFlags: 0
  m_IsActive: 1
--- !u!4 &5421115369992188871
Transform:
  m_ObjectHideFlags: 0
  m_CorrespondingSourceObject: {fileID: 0}
  m_PrefabInstance: {fileID: 0}
  m_PrefabAsset: {fileID: 0}
  m_GameObject: {fileID: 3686041829951285350}
  m_LocalRotation: {x: 0.04547301, y: 0.0025584444, z: -0.0272881, w: 0.9985895}
  m_LocalPosition: {x: -0.009549815, y: 0.07356918, z: -0.0006938296}
  m_LocalScale: {x: 1, y: 1, z: 1}
  m_Children:
  - {fileID: 392797228443434411}
  m_Father: {fileID: 5402237105958729307}
  m_RootOrder: 3
  m_LocalEulerAnglesHint: {x: 30.292414, y: 2.8946242, z: 11.854378}
--- !u!1 &3809730534552040769
GameObject:
  m_ObjectHideFlags: 0
  m_CorrespondingSourceObject: {fileID: 0}
  m_PrefabInstance: {fileID: 0}
  m_PrefabAsset: {fileID: 0}
  serializedVersion: 6
  m_Component:
  - component: {fileID: 5118290212104930076}
  m_Layer: 0
  m_Name: mixamorig:RightHandRing2
  m_TagString: Untagged
  m_Icon: {fileID: 0}
  m_NavMeshLayer: 0
  m_StaticEditorFlags: 0
  m_IsActive: 1
--- !u!4 &5118290212104930076
Transform:
  m_ObjectHideFlags: 0
  m_CorrespondingSourceObject: {fileID: 0}
  m_PrefabInstance: {fileID: 0}
  m_PrefabAsset: {fileID: 0}
  m_GameObject: {fileID: 3809730534552040769}
  m_LocalRotation: {x: 0.14424855, y: -0.0021552106, z: 0.015865196, w: 0.98941195}
  m_LocalPosition: {x: -0.0011871351, y: 0.024366148, z: 3.309694e-10}
  m_LocalScale: {x: 1, y: 1, z: 1}
  m_Children:
  - {fileID: 2300773438499989709}
  m_Father: {fileID: 7946751540474610836}
  m_RootOrder: 0
  m_LocalEulerAnglesHint: {x: 37.168083, y: 3.6519966, z: 9.492065}
--- !u!1 &3849275382713683609
GameObject:
  m_ObjectHideFlags: 0
  m_CorrespondingSourceObject: {fileID: 0}
  m_PrefabInstance: {fileID: 0}
  m_PrefabAsset: {fileID: 0}
  serializedVersion: 6
  m_Component:
  - component: {fileID: 680415296511794256}
  m_Layer: 0
  m_Name: mixamorig:RightHand
  m_TagString: Untagged
  m_Icon: {fileID: 0}
  m_NavMeshLayer: 0
  m_StaticEditorFlags: 0
  m_IsActive: 1
--- !u!4 &680415296511794256
Transform:
  m_ObjectHideFlags: 0
  m_CorrespondingSourceObject: {fileID: 0}
  m_PrefabInstance: {fileID: 0}
  m_PrefabAsset: {fileID: 0}
  m_GameObject: {fileID: 3849275382713683609}
  m_LocalRotation: {x: -0.17186466, y: -0.11199323, z: -0.03505286, w: 0.978106}
  m_LocalPosition: {x: -7.961613e-11, y: 0.113412775, z: 4.742813e-10}
  m_LocalScale: {x: 1, y: 1, z: 1}
  m_Children:
  - {fileID: 7053102656854287678}
  - {fileID: 2460043551550943347}
  - {fileID: 19969091426233328}
  - {fileID: 7946751540474610836}
  - {fileID: 7349575408769447782}
  m_Father: {fileID: 3699601782496319024}
  m_RootOrder: 0
  m_LocalEulerAnglesHint: {x: 11.518469, y: 11.4446535, z: 5.992119}
--- !u!1 &3989089277141197205
GameObject:
  m_ObjectHideFlags: 0
  m_CorrespondingSourceObject: {fileID: 0}
  m_PrefabInstance: {fileID: 0}
  m_PrefabAsset: {fileID: 0}
  serializedVersion: 6
  m_Component:
  - component: {fileID: 3554104845378102124}
  m_Layer: 0
  m_Name: mixamorig:LeftShoulder
  m_TagString: Untagged
  m_Icon: {fileID: 0}
  m_NavMeshLayer: 0
  m_StaticEditorFlags: 0
  m_IsActive: 1
--- !u!4 &3554104845378102124
Transform:
  m_ObjectHideFlags: 0
  m_CorrespondingSourceObject: {fileID: 0}
  m_PrefabInstance: {fileID: 0}
  m_PrefabAsset: {fileID: 0}
  m_GameObject: {fileID: 3989089277141197205}
  m_LocalRotation: {x: 0.64328307, y: -0.36963016, z: 0.5387814, w: 0.39909282}
  m_LocalPosition: {x: -0.050489265, y: 0.097136036, z: 0.00002816638}
  m_LocalScale: {x: 1, y: 1, z: 1}
  m_Children:
  - {fileID: 4654846423754174624}
  m_Father: {fileID: 1571779021280408567}
  m_RootOrder: 0
  m_LocalEulerAnglesHint: {x: 62.431416, y: 93.390144, z: -176.99393}
--- !u!1 &4106711630219761244
GameObject:
  m_ObjectHideFlags: 0
  m_CorrespondingSourceObject: {fileID: 0}
  m_PrefabInstance: {fileID: 0}
  m_PrefabAsset: {fileID: 0}
  serializedVersion: 6
  m_Component:
  - component: {fileID: 7528781067539141150}
  m_Layer: 0
  m_Name: mixamorig:HeadTop_End
  m_TagString: Untagged
  m_Icon: {fileID: 0}
  m_NavMeshLayer: 0
  m_StaticEditorFlags: 0
  m_IsActive: 1
--- !u!4 &7528781067539141150
Transform:
  m_ObjectHideFlags: 0
  m_CorrespondingSourceObject: {fileID: 0}
  m_PrefabInstance: {fileID: 0}
  m_PrefabAsset: {fileID: 0}
  m_GameObject: {fileID: 4106711630219761244}
  m_LocalRotation: {x: 0, y: -0, z: -0, w: 1}
  m_LocalPosition: {x: -0, y: 0.44025573, z: 0.016252058}
  m_LocalScale: {x: 1, y: 1, z: 1}
  m_Children: []
  m_Father: {fileID: 4693548349909915376}
  m_RootOrder: 0
  m_LocalEulerAnglesHint: {x: 0, y: 0, z: 0}
--- !u!1 &4160964242174781761
GameObject:
  m_ObjectHideFlags: 0
  m_CorrespondingSourceObject: {fileID: 0}
  m_PrefabInstance: {fileID: 0}
  m_PrefabAsset: {fileID: 0}
  serializedVersion: 6
  m_Component:
  - component: {fileID: 5243545051903753364}
  m_Layer: 0
  m_Name: mixamorig:RightHandMiddle2
  m_TagString: Untagged
  m_Icon: {fileID: 0}
  m_NavMeshLayer: 0
  m_StaticEditorFlags: 0
  m_IsActive: 1
--- !u!4 &5243545051903753364
Transform:
  m_ObjectHideFlags: 0
  m_CorrespondingSourceObject: {fileID: 0}
  m_PrefabInstance: {fileID: 0}
  m_PrefabAsset: {fileID: 0}
  m_GameObject: {fileID: 4160964242174781761}
  m_LocalRotation: {x: 0.14444415, y: -0.0010470479, z: 0.0014204382, w: 0.9895114}
  m_LocalPosition: {x: -0.00060684193, y: 0.025147624, z: -1.5653469e-10}
  m_LocalScale: {x: 1, y: 1, z: 1}
  m_Children:
  - {fileID: 4368796596500437634}
  m_Father: {fileID: 2460043551550943347}
  m_RootOrder: 0
  m_LocalEulerAnglesHint: {x: 30.46548, y: 1.1560397, z: 5.0105567}
--- !u!1 &4219554205843428970
GameObject:
  m_ObjectHideFlags: 0
  m_CorrespondingSourceObject: {fileID: 0}
  m_PrefabInstance: {fileID: 0}
  m_PrefabAsset: {fileID: 0}
  serializedVersion: 6
  m_Component:
  - component: {fileID: 4389335595382834565}
  m_Layer: 0
  m_Name: mixamorig:LeftHandMiddle3
  m_TagString: Untagged
  m_Icon: {fileID: 0}
  m_NavMeshLayer: 0
  m_StaticEditorFlags: 0
  m_IsActive: 1
--- !u!4 &4389335595382834565
Transform:
  m_ObjectHideFlags: 0
  m_CorrespondingSourceObject: {fileID: 0}
  m_PrefabInstance: {fileID: 0}
  m_PrefabAsset: {fileID: 0}
  m_GameObject: {fileID: 4219554205843428970}
  m_LocalRotation: {x: 0.026021205, y: -0.0011755744, z: -0.0035950006, w: 0.99965423}
  m_LocalPosition: {x: -0.000116464165, y: 0.024090257, z: -2.9143337e-11}
  m_LocalScale: {x: 1, y: 1, z: 1}
  m_Children:
  - {fileID: 9140359310116084902}
  m_Father: {fileID: 5625642480347937202}
  m_RootOrder: 0
  m_LocalEulerAnglesHint: {x: 0.0008499022, y: -0.1674449, z: -0.7038084}
--- !u!1 &4222537970834514328
GameObject:
  m_ObjectHideFlags: 0
  m_CorrespondingSourceObject: {fileID: 0}
  m_PrefabInstance: {fileID: 0}
  m_PrefabAsset: {fileID: 0}
  serializedVersion: 6
  m_Component:
  - component: {fileID: 8357093575216366917}
  m_Layer: 0
  m_Name: mixamorig:LeftLeg
  m_TagString: Untagged
  m_Icon: {fileID: 0}
  m_NavMeshLayer: 0
  m_StaticEditorFlags: 0
  m_IsActive: 1
--- !u!4 &8357093575216366917
Transform:
  m_ObjectHideFlags: 0
  m_CorrespondingSourceObject: {fileID: 0}
  m_PrefabInstance: {fileID: 0}
  m_PrefabAsset: {fileID: 0}
  m_GameObject: {fileID: 4222537970834514328}
  m_LocalRotation: {x: 0.9234153, y: -0.04493989, z: 0.070490375, w: -0.3745875}
  m_LocalPosition: {x: 3.539908e-11, y: 0.23089883, z: 5.106191e-12}
  m_LocalScale: {x: 1, y: 1, z: 1}
  m_Children:
  - {fileID: 3484782722317450665}
  m_Father: {fileID: 3693116864532848027}
  m_RootOrder: 0
  m_LocalEulerAnglesHint: {x: -37.850216, y: -20.334763, z: 15.0142355}
--- !u!1 &4266643252009962716
GameObject:
  m_ObjectHideFlags: 0
  m_CorrespondingSourceObject: {fileID: 0}
  m_PrefabInstance: {fileID: 0}
  m_PrefabAsset: {fileID: 0}
  serializedVersion: 6
  m_Component:
  - component: {fileID: 2534217563192204179}
  m_Layer: 0
  m_Name: mixamorig:RightHandIndex2
  m_TagString: Untagged
  m_Icon: {fileID: 0}
  m_NavMeshLayer: 0
  m_StaticEditorFlags: 0
  m_IsActive: 1
--- !u!4 &2534217563192204179
Transform:
  m_ObjectHideFlags: 0
  m_CorrespondingSourceObject: {fileID: 0}
  m_PrefabInstance: {fileID: 0}
  m_PrefabAsset: {fileID: 0}
  m_GameObject: {fileID: 4266643252009962716}
  m_LocalRotation: {x: 0.14446767, y: 0.0001552733, z: -0.017045839, w: 0.9893627}
  m_LocalPosition: {x: 0.00021115344, y: 0.026023448, z: 7.338653e-10}
  m_LocalScale: {x: 1, y: 1, z: 1}
  m_Children:
  - {fileID: 6231154493054134490}
  m_Father: {fileID: 7053102656854287678}
  m_RootOrder: 0
  m_LocalEulerAnglesHint: {x: 16.963898, y: -0.2182997, z: -1.0776973}
--- !u!1 &4269967899267443125
GameObject:
  m_ObjectHideFlags: 0
  m_CorrespondingSourceObject: {fileID: 0}
  m_PrefabInstance: {fileID: 0}
  m_PrefabAsset: {fileID: 0}
  serializedVersion: 6
  m_Component:
  - component: {fileID: 3693116864532848027}
  m_Layer: 0
  m_Name: mixamorig:LeftUpLeg
  m_TagString: Untagged
  m_Icon: {fileID: 0}
  m_NavMeshLayer: 0
  m_StaticEditorFlags: 0
  m_IsActive: 1
--- !u!4 &3693116864532848027
Transform:
  m_ObjectHideFlags: 0
  m_CorrespondingSourceObject: {fileID: 0}
  m_PrefabInstance: {fileID: 0}
  m_PrefabAsset: {fileID: 0}
  m_GameObject: {fileID: 4269967899267443125}
  m_LocalRotation: {x: -0.07639494, y: 0.33703926, z: 0.9376987, w: 0.035909656}
  m_LocalPosition: {x: -0.10037196, y: -0.045125313, z: -0.0025597895}
  m_LocalScale: {x: 1, y: 1, z: 1}
  m_Children:
  - {fileID: 8357093575216366917}
  m_Father: {fileID: 6565708813046588647}
  m_RootOrder: 0
  m_LocalEulerAnglesHint: {x: -28.314272, y: -5.481344, z: 165.80553}
--- !u!1 &4499581385756984862
GameObject:
  m_ObjectHideFlags: 0
  m_CorrespondingSourceObject: {fileID: 0}
  m_PrefabInstance: {fileID: 0}
  m_PrefabAsset: {fileID: 0}
  serializedVersion: 6
  m_Component:
  - component: {fileID: 3495567528368031018}
  m_Layer: 0
  m_Name: mixamorig:RightHandRing4
  m_TagString: Untagged
  m_Icon: {fileID: 0}
  m_NavMeshLayer: 0
  m_StaticEditorFlags: 0
  m_IsActive: 1
--- !u!4 &3495567528368031018
Transform:
  m_ObjectHideFlags: 0
  m_CorrespondingSourceObject: {fileID: 0}
  m_PrefabInstance: {fileID: 0}
  m_PrefabAsset: {fileID: 0}
  m_GameObject: {fileID: 4499581385756984862}
  m_LocalRotation: {x: 0, y: -0, z: -0, w: 1}
  m_LocalPosition: {x: 0.00088298536, y: 0.02012046, z: -2.7405733e-10}
  m_LocalScale: {x: 1, y: 1, z: 1}
  m_Children: []
  m_Father: {fileID: 2300773438499989709}
  m_RootOrder: 0
  m_LocalEulerAnglesHint: {x: 0, y: 0, z: 0}
--- !u!1 &4873000318417044847
GameObject:
  m_ObjectHideFlags: 0
  m_CorrespondingSourceObject: {fileID: 0}
  m_PrefabInstance: {fileID: 0}
  m_PrefabAsset: {fileID: 0}
  serializedVersion: 6
  m_Component:
  - component: {fileID: 5519252433297218607}
  m_Layer: 0
  m_Name: mixamorig:LeftHandPinky2
  m_TagString: Untagged
  m_Icon: {fileID: 0}
  m_NavMeshLayer: 0
  m_StaticEditorFlags: 0
  m_IsActive: 1
--- !u!4 &5519252433297218607
Transform:
  m_ObjectHideFlags: 0
  m_CorrespondingSourceObject: {fileID: 0}
  m_PrefabInstance: {fileID: 0}
  m_PrefabAsset: {fileID: 0}
  m_GameObject: {fileID: 4873000318417044847}
  m_LocalRotation: {x: 0.110487424, y: 0.00060188293, z: -0.076817736, w: 0.9909043}
  m_LocalPosition: {x: 0.0018269962, y: 0.022442257, z: -5.025086e-11}
  m_LocalScale: {x: 1, y: 1, z: 1}
  m_Children:
  - {fileID: 57529558495530708}
  m_Father: {fileID: 5847656920027276829}
  m_RootOrder: 0
  m_LocalEulerAnglesHint: {x: 38.63722, y: -7.0624175, z: -15.2833395}
--- !u!1 &5039026679099889427
GameObject:
  m_ObjectHideFlags: 0
  m_CorrespondingSourceObject: {fileID: 0}
  m_PrefabInstance: {fileID: 0}
  m_PrefabAsset: {fileID: 0}
  serializedVersion: 6
  m_Component:
  - component: {fileID: 7033361197469045720}
  m_Layer: 0
  m_Name: mixamorig:RightUpLeg
  m_TagString: Untagged
  m_Icon: {fileID: 0}
  m_NavMeshLayer: 0
  m_StaticEditorFlags: 0
  m_IsActive: 1
--- !u!4 &7033361197469045720
Transform:
  m_ObjectHideFlags: 0
  m_CorrespondingSourceObject: {fileID: 0}
  m_PrefabInstance: {fileID: 0}
  m_PrefabAsset: {fileID: 0}
  m_GameObject: {fileID: 5039026679099889427}
  m_LocalRotation: {x: 0.033191495, y: -0.036650103, z: 0.99869776, w: 0.012568011}
  m_LocalPosition: {x: 0.10037196, y: -0.045125313, z: -0.0018280756}
  m_LocalScale: {x: 1, y: 1, z: 1}
  m_Children:
  - {fileID: 6685071493587414338}
  m_Father: {fileID: 6565708813046588647}
  m_RootOrder: 1
  m_LocalEulerAnglesHint: {x: 2.483647, y: 14.921464, z: -162.07599}
--- !u!1 &5070902602386784713
GameObject:
  m_ObjectHideFlags: 0
  m_CorrespondingSourceObject: {fileID: 0}
  m_PrefabInstance: {fileID: 0}
  m_PrefabAsset: {fileID: 0}
  serializedVersion: 6
  m_Component:
  - component: {fileID: 1597748926394104274}
  m_Layer: 0
  m_Name: mixamorig:LeftHandPinky4
  m_TagString: Untagged
  m_Icon: {fileID: 0}
  m_NavMeshLayer: 0
  m_StaticEditorFlags: 0
  m_IsActive: 1
--- !u!4 &1597748926394104274
Transform:
  m_ObjectHideFlags: 0
  m_CorrespondingSourceObject: {fileID: 0}
  m_PrefabInstance: {fileID: 0}
  m_PrefabAsset: {fileID: 0}
  m_GameObject: {fileID: 5070902602386784713}
  m_LocalRotation: {x: 0, y: -0, z: -0, w: 1}
  m_LocalPosition: {x: -0.001417304, y: 0.016855823, z: 2.917489e-10}
  m_LocalScale: {x: 1, y: 1, z: 1}
  m_Children: []
  m_Father: {fileID: 57529558495530708}
  m_RootOrder: 0
  m_LocalEulerAnglesHint: {x: 0, y: 0, z: 0}
--- !u!1 &5378390084996669908
GameObject:
  m_ObjectHideFlags: 0
  m_CorrespondingSourceObject: {fileID: 0}
  m_PrefabInstance: {fileID: 0}
  m_PrefabAsset: {fileID: 0}
  serializedVersion: 6
  m_Component:
  - component: {fileID: 5847656920027276829}
  m_Layer: 0
  m_Name: mixamorig:LeftHandPinky1
  m_TagString: Untagged
  m_Icon: {fileID: 0}
  m_NavMeshLayer: 0
  m_StaticEditorFlags: 0
  m_IsActive: 1
--- !u!4 &5847656920027276829
Transform:
  m_ObjectHideFlags: 0
  m_CorrespondingSourceObject: {fileID: 0}
  m_PrefabInstance: {fileID: 0}
  m_PrefabAsset: {fileID: 0}
  m_GameObject: {fileID: 5378390084996669908}
  m_LocalRotation: {x: 0.041580416, y: -0.0025344535, z: 0.020700675, w: 0.99891746}
  m_LocalPosition: {x: -0.024160236, y: 0.06664983, z: -0.00041310862}
  m_LocalScale: {x: 1, y: 1, z: 1}
  m_Children:
  - {fileID: 5519252433297218607}
  m_Father: {fileID: 5402237105958729307}
  m_RootOrder: 2
  m_LocalEulerAnglesHint: {x: 33.44474, y: 4.0125856, z: 17.661985}
--- !u!1 &5855708104179400231
GameObject:
  m_ObjectHideFlags: 0
  m_CorrespondingSourceObject: {fileID: 0}
  m_PrefabInstance: {fileID: 0}
  m_PrefabAsset: {fileID: 0}
  serializedVersion: 6
  m_Component:
  - component: {fileID: 9140359310116084902}
  m_Layer: 0
  m_Name: mixamorig:LeftHandMiddle4
  m_TagString: Untagged
  m_Icon: {fileID: 0}
  m_NavMeshLayer: 0
  m_StaticEditorFlags: 0
  m_IsActive: 1
--- !u!4 &9140359310116084902
Transform:
  m_ObjectHideFlags: 0
  m_CorrespondingSourceObject: {fileID: 0}
  m_PrefabInstance: {fileID: 0}
  m_PrefabAsset: {fileID: 0}
  m_GameObject: {fileID: 5855708104179400231}
  m_LocalRotation: {x: 0, y: -0, z: -0, w: 1}
  m_LocalPosition: {x: -0.00039599134, y: 0.02315746, z: -1.5882363e-10}
  m_LocalScale: {x: 1, y: 1, z: 1}
  m_Children: []
  m_Father: {fileID: 4389335595382834565}
  m_RootOrder: 0
  m_LocalEulerAnglesHint: {x: 0, y: 0, z: 0}
--- !u!1 &5988622919457590992
GameObject:
  m_ObjectHideFlags: 0
  m_CorrespondingSourceObject: {fileID: 0}
  m_PrefabInstance: {fileID: 0}
  m_PrefabAsset: {fileID: 0}
  serializedVersion: 6
  m_Component:
  - component: {fileID: 6685071493587414338}
  m_Layer: 0
  m_Name: mixamorig:RightLeg
  m_TagString: Untagged
  m_Icon: {fileID: 0}
  m_NavMeshLayer: 0
  m_StaticEditorFlags: 0
  m_IsActive: 1
--- !u!4 &6685071493587414338
Transform:
  m_ObjectHideFlags: 0
  m_CorrespondingSourceObject: {fileID: 0}
  m_PrefabInstance: {fileID: 0}
  m_PrefabAsset: {fileID: 0}
  m_GameObject: {fileID: 5988622919457590992}
  m_LocalRotation: {x: -0.24035288, y: 0.08040424, z: -0.012571409, w: 0.96726817}
  m_LocalPosition: {x: 3.7172734e-11, y: 0.23089233, z: 1.5699009e-12}
  m_LocalScale: {x: 1, y: 1, z: 1}
  m_Children:
  - {fileID: 1780557627560461796}
  m_Father: {fileID: 7033361197469045720}
  m_RootOrder: 0
  m_LocalEulerAnglesHint: {x: -36.260468, y: -8.289287, z: 3.156942}
--- !u!1 &6081443902636325060
GameObject:
  m_ObjectHideFlags: 0
  m_CorrespondingSourceObject: {fileID: 0}
  m_PrefabInstance: {fileID: 0}
  m_PrefabAsset: {fileID: 0}
  serializedVersion: 6
  m_Component:
  - component: {fileID: 4061534952821003139}
  m_Layer: 0
  m_Name: mixamorig:LeftHandThumb4
  m_TagString: Untagged
  m_Icon: {fileID: 0}
  m_NavMeshLayer: 0
  m_StaticEditorFlags: 0
  m_IsActive: 1
--- !u!4 &4061534952821003139
Transform:
  m_ObjectHideFlags: 0
  m_CorrespondingSourceObject: {fileID: 0}
  m_PrefabInstance: {fileID: 0}
  m_PrefabAsset: {fileID: 0}
  m_GameObject: {fileID: 6081443902636325060}
  m_LocalRotation: {x: 0, y: -0, z: -0, w: 1}
  m_LocalPosition: {x: -0.0037112024, y: 0.02322101, z: -9.831268e-11}
  m_LocalScale: {x: 1, y: 1, z: 1}
  m_Children: []
  m_Father: {fileID: 2203923846333120046}
  m_RootOrder: 0
  m_LocalEulerAnglesHint: {x: 0, y: 0, z: 0}
--- !u!1 &6328834028914775972
GameObject:
  m_ObjectHideFlags: 0
  m_CorrespondingSourceObject: {fileID: 0}
  m_PrefabInstance: {fileID: 0}
  m_PrefabAsset: {fileID: 0}
  serializedVersion: 6
  m_Component:
  - component: {fileID: 1994305053739385777}
  m_Layer: 0
  m_Name: mixamorig:RightHandMiddle4
  m_TagString: Untagged
  m_Icon: {fileID: 0}
  m_NavMeshLayer: 0
  m_StaticEditorFlags: 0
  m_IsActive: 1
--- !u!4 &1994305053739385777
Transform:
  m_ObjectHideFlags: 0
  m_CorrespondingSourceObject: {fileID: 0}
  m_PrefabInstance: {fileID: 0}
  m_PrefabAsset: {fileID: 0}
  m_GameObject: {fileID: 6328834028914775972}
  m_LocalRotation: {x: 0, y: -0, z: -0, w: 1}
  m_LocalPosition: {x: 0.00048543426, y: 0.022645557, z: 6.5198413e-10}
  m_LocalScale: {x: 1, y: 1, z: 1}
  m_Children: []
  m_Father: {fileID: 4368796596500437634}
  m_RootOrder: 0
  m_LocalEulerAnglesHint: {x: 0, y: 0, z: 0}
--- !u!1 &6593599085493039374
GameObject:
  m_ObjectHideFlags: 0
  m_CorrespondingSourceObject: {fileID: 0}
  m_PrefabInstance: {fileID: 0}
  m_PrefabAsset: {fileID: 0}
  serializedVersion: 6
  m_Component:
  - component: {fileID: 7349575408769447782}
  m_Layer: 0
  m_Name: mixamorig:RightHandThumb1
  m_TagString: Untagged
  m_Icon: {fileID: 0}
  m_NavMeshLayer: 0
  m_StaticEditorFlags: 0
  m_IsActive: 1
--- !u!4 &7349575408769447782
Transform:
  m_ObjectHideFlags: 0
  m_CorrespondingSourceObject: {fileID: 0}
  m_PrefabInstance: {fileID: 0}
  m_PrefabAsset: {fileID: 0}
  m_GameObject: {fileID: 6593599085493039374}
  m_LocalRotation: {x: 0.08497851, y: 0.09885084, z: 0.14057887, w: 0.9814503}
  m_LocalPosition: {x: -0.01893654, y: 0.016538044, z: 0.007823918}
  m_LocalScale: {x: 1, y: 1, z: 1}
  m_Children:
  - {fileID: 7146869695511878405}
  m_Father: {fileID: 680415296511794256}
  m_RootOrder: 4
  m_LocalEulerAnglesHint: {x: 20.908182, y: 6.2849784, z: 26.859148}
--- !u!1 &6778439006173453637
GameObject:
  m_ObjectHideFlags: 0
  m_CorrespondingSourceObject: {fileID: 0}
  m_PrefabInstance: {fileID: 0}
  m_PrefabAsset: {fileID: 0}
  serializedVersion: 6
  m_Component:
  - component: {fileID: 1571779021280408567}
  m_Layer: 0
  m_Name: mixamorig:Spine2
  m_TagString: Untagged
  m_Icon: {fileID: 0}
  m_NavMeshLayer: 0
  m_StaticEditorFlags: 0
  m_IsActive: 1
--- !u!4 &1571779021280408567
Transform:
  m_ObjectHideFlags: 0
  m_CorrespondingSourceObject: {fileID: 0}
  m_PrefabInstance: {fileID: 0}
  m_PrefabAsset: {fileID: 0}
  m_GameObject: {fileID: 6778439006173453637}
  m_LocalRotation: {x: -0.029252237, y: -0.01582843, z: -0.010218751, w: 0.99939454}
  m_LocalPosition: {x: -0, y: 0.10829952, z: 8.3764105e-14}
  m_LocalScale: {x: 1, y: 1, z: 1}
  m_Children:
  - {fileID: 3554104845378102124}
  - {fileID: 5379703028799569802}
  - {fileID: 8284461742716295685}
  m_Father: {fileID: 30206626717549468}
  m_RootOrder: 0
  m_LocalEulerAnglesHint: {x: 11.687167, y: -9.230403, z: 1.2040083}
--- !u!1 &6881326773930066970
GameObject:
  m_ObjectHideFlags: 0
  m_CorrespondingSourceObject: {fileID: 0}
  m_PrefabInstance: {fileID: 0}
  m_PrefabAsset: {fileID: 0}
  serializedVersion: 6
  m_Component:
  - component: {fileID: 5625642480347937202}
  m_Layer: 0
  m_Name: mixamorig:LeftHandMiddle2
  m_TagString: Untagged
  m_Icon: {fileID: 0}
  m_NavMeshLayer: 0
  m_StaticEditorFlags: 0
  m_IsActive: 1
--- !u!4 &5625642480347937202
Transform:
  m_ObjectHideFlags: 0
  m_CorrespondingSourceObject: {fileID: 0}
  m_PrefabInstance: {fileID: 0}
  m_PrefabAsset: {fileID: 0}
  m_GameObject: {fileID: 6881326773930066970}
  m_LocalRotation: {x: 0.10689705, y: 0.0010577185, z: -0.0013305215, w: 0.99426866}
  m_LocalPosition: {x: 0.00051245594, y: 0.027196607, z: 1.1978216e-10}
  m_LocalScale: {x: 1, y: 1, z: 1}
  m_Children:
  - {fileID: 4389335595382834565}
  m_Father: {fileID: 7085557550375441520}
  m_RootOrder: 0
  m_LocalEulerAnglesHint: {x: 21.824314, y: -0.48740447, z: -3.6267722}
--- !u!1 &7302242147680398091
GameObject:
  m_ObjectHideFlags: 0
  m_CorrespondingSourceObject: {fileID: 0}
  m_PrefabInstance: {fileID: 0}
  m_PrefabAsset: {fileID: 0}
  serializedVersion: 6
  m_Component:
  - component: {fileID: 1780557627560461796}
  m_Layer: 0
  m_Name: mixamorig:RightFoot
  m_TagString: Untagged
  m_Icon: {fileID: 0}
  m_NavMeshLayer: 0
  m_StaticEditorFlags: 0
  m_IsActive: 1
--- !u!4 &1780557627560461796
Transform:
  m_ObjectHideFlags: 0
  m_CorrespondingSourceObject: {fileID: 0}
  m_PrefabInstance: {fileID: 0}
  m_PrefabAsset: {fileID: 0}
  m_GameObject: {fileID: 7302242147680398091}
  m_LocalRotation: {x: 0.572815, y: 0.07695372, z: 0.030482495, w: 0.8154949}
  m_LocalPosition: {x: 8.693947e-11, y: 0.18566625, z: -3.5247933e-11}
  m_LocalScale: {x: 1, y: 1, z: 1}
  m_Children:
  - {fileID: 4088498177954231600}
  m_Father: {fileID: 6685071493587414338}
  m_RootOrder: 0
  m_LocalEulerAnglesHint: {x: 68.0749, y: -76.32043, z: -82.406006}
--- !u!1 &7491575608631653514
GameObject:
  m_ObjectHideFlags: 0
  m_CorrespondingSourceObject: {fileID: 0}
  m_PrefabInstance: {fileID: 0}
  m_PrefabAsset: {fileID: 0}
  serializedVersion: 6
  m_Component:
  - component: {fileID: 3866484491136965576}
  - component: {fileID: 7234026277871396806}
  m_Layer: 0
  m_Name: NinjaRun_Char_01
  m_TagString: Untagged
  m_Icon: {fileID: 0}
  m_NavMeshLayer: 0
  m_StaticEditorFlags: 0
  m_IsActive: 1
--- !u!4 &3866484491136965576
Transform:
  m_ObjectHideFlags: 0
  m_CorrespondingSourceObject: {fileID: 0}
  m_PrefabInstance: {fileID: 0}
  m_PrefabAsset: {fileID: 0}
  m_GameObject: {fileID: 7491575608631653514}
  m_LocalRotation: {x: 0, y: -0, z: -0, w: 1}
  m_LocalPosition: {x: -0, y: 0, z: 0.02}
  m_LocalScale: {x: 1, y: 1, z: 1}
  m_Children: []
  m_Father: {fileID: 1679358516315636851}
  m_RootOrder: 1
  m_LocalEulerAnglesHint: {x: 0, y: 0, z: 0}
--- !u!137 &7234026277871396806
SkinnedMeshRenderer:
  m_ObjectHideFlags: 0
  m_CorrespondingSourceObject: {fileID: 0}
  m_PrefabInstance: {fileID: 0}
  m_PrefabAsset: {fileID: 0}
  m_GameObject: {fileID: 7491575608631653514}
  m_Enabled: 1
  m_CastShadows: 1
  m_ReceiveShadows: 1
  m_DynamicOccludee: 1
  m_MotionVectors: 1
  m_LightProbeUsage: 1
  m_ReflectionProbeUsage: 1
  m_RayTracingMode: 3
  m_RayTraceProcedural: 0
  m_RenderingLayerMask: 1
  m_RendererPriority: 0
  m_Materials:
  - {fileID: 2100000, guid: 6f227c8592ad80a41be32efd278da65a, type: 2}
  m_StaticBatchInfo:
    firstSubMesh: 0
    subMeshCount: 0
  m_StaticBatchRoot: {fileID: 0}
  m_ProbeAnchor: {fileID: 0}
  m_LightProbeVolumeOverride: {fileID: 0}
  m_ScaleInLightmap: 1
  m_ReceiveGI: 1
  m_PreserveUVs: 0
  m_IgnoreNormalsForChartDetection: 0
  m_ImportantGI: 0
  m_StitchLightmapSeams: 1
  m_SelectedEditorRenderState: 3
  m_MinimumChartSize: 4
  m_AutoUVMaxDistance: 0.5
  m_AutoUVMaxAngle: 89
  m_LightmapParameters: {fileID: 0}
  m_SortingLayerID: 0
  m_SortingLayer: 0
  m_SortingOrder: 0
  serializedVersion: 2
  m_Quality: 0
  m_UpdateWhenOffscreen: 0
  m_SkinnedMotionVectors: 1
  m_Mesh: {fileID: 4345984189446309708, guid: 893feae79f9b49b46806938f7db456a3, type: 3}
  m_Bones:
  - {fileID: 4693548349909915376}
  - {fileID: 5379703028799569802}
  - {fileID: 1571779021280408567}
  - {fileID: 6878945755432834932}
  - {fileID: 30206626717549468}
  - {fileID: 3554104845378102124}
  - {fileID: 4654846423754174624}
  - {fileID: 6565708813046588647}
  - {fileID: 3693116864532848027}
  - {fileID: 7033361197469045720}
  - {fileID: 8357093575216366917}
  - {fileID: 3484782722317450665}
  - {fileID: 5280580417809093430}
  - {fileID: 8508353833705545057}
  - {fileID: 5402237105958729307}
  - {fileID: 194558488618494068}
  - {fileID: 7085557550375441520}
  - {fileID: 5421115369992188871}
  - {fileID: 5847656920027276829}
  - {fileID: 8836478340646588368}
  - {fileID: 8564688250434125219}
  - {fileID: 6254038311643721678}
  - {fileID: 3463482690184364610}
  - {fileID: 2203923846333120046}
  - {fileID: 5519252433297218607}
  - {fileID: 392797228443434411}
  - {fileID: 5625642480347937202}
  - {fileID: 4389335595382834565}
  - {fileID: 2424422930791920931}
  - {fileID: 57529558495530708}
  - {fileID: 8284461742716295685}
  - {fileID: 4864243970781871261}
  - {fileID: 6685071493587414338}
  - {fileID: 1780557627560461796}
  - {fileID: 4088498177954231600}
  - {fileID: 3699601782496319024}
  - {fileID: 680415296511794256}
  - {fileID: 2460043551550943347}
  - {fileID: 7053102656854287678}
  - {fileID: 2534217563192204179}
  - {fileID: 7946751540474610836}
  - {fileID: 5243545051903753364}
  - {fileID: 6231154493054134490}
  - {fileID: 19969091426233328}
  - {fileID: 7349575408769447782}
  - {fileID: 7146869695511878405}
  - {fileID: 795669875815453314}
  - {fileID: 6505906521486974148}
  - {fileID: 4368796596500437634}
  - {fileID: 5118290212104930076}
  - {fileID: 2300773438499989709}
  - {fileID: 3663273841706733040}
  m_BlendShapeWeights: []
  m_RootBone: {fileID: 6565708813046588647}
  m_AABB:
    m_Center: {x: 0.00012074411, y: 0.21378985, z: 0.03831297}
    m_Extent: {x: 0.33697206, y: 0.8028984, z: 0.37232357}
  m_DirtyAABB: 0
--- !u!1 &7536506406189649591
GameObject:
  m_ObjectHideFlags: 0
  m_CorrespondingSourceObject: {fileID: 0}
  m_PrefabInstance: {fileID: 0}
  m_PrefabAsset: {fileID: 0}
  serializedVersion: 6
  m_Component:
  - component: {fileID: 8836478340646588368}
  m_Layer: 0
  m_Name: mixamorig:LeftHandIndex2
  m_TagString: Untagged
  m_Icon: {fileID: 0}
  m_NavMeshLayer: 0
  m_StaticEditorFlags: 0
  m_IsActive: 1
--- !u!4 &8836478340646588368
Transform:
  m_ObjectHideFlags: 0
  m_CorrespondingSourceObject: {fileID: 0}
  m_PrefabInstance: {fileID: 0}
  m_PrefabAsset: {fileID: 0}
  m_GameObject: {fileID: 7536506406189649591}
  m_LocalRotation: {x: 0.106761836, y: -0.00019810523, z: 0.012463351, w: 0.9942065}
  m_LocalPosition: {x: -0.000102461156, y: 0.026527299, z: -5.3817073e-10}
  m_LocalScale: {x: 1, y: 1, z: 1}
  m_Children:
  - {fileID: 8564688250434125219}
  m_Father: {fileID: 194558488618494068}
  m_RootOrder: 0
  m_LocalEulerAnglesHint: {x: 16.432259, y: 0.15989663, z: 0.6511968}
--- !u!1 &7681881477662955035
GameObject:
  m_ObjectHideFlags: 0
  m_CorrespondingSourceObject: {fileID: 0}
  m_PrefabInstance: {fileID: 0}
  m_PrefabAsset: {fileID: 0}
  serializedVersion: 6
  m_Component:
  - component: {fileID: 4654846423754174624}
  m_Layer: 0
  m_Name: mixamorig:LeftArm
  m_TagString: Untagged
  m_Icon: {fileID: 0}
  m_NavMeshLayer: 0
  m_StaticEditorFlags: 0
  m_IsActive: 1
--- !u!4 &4654846423754174624
Transform:
  m_ObjectHideFlags: 0
  m_CorrespondingSourceObject: {fileID: 0}
  m_PrefabInstance: {fileID: 0}
  m_PrefabAsset: {fileID: 0}
  m_GameObject: {fileID: 7681881477662955035}
  m_LocalRotation: {x: 0.31069922, y: -0.35989603, z: 0.3657208, w: 0.8001182}
  m_LocalPosition: {x: 7.277287e-12, y: 0.11320541, z: -0.0000000026595366}
  m_LocalScale: {x: 1, y: 1, z: 1}
  m_Children:
  - {fileID: 8508353833705545057}
  m_Father: {fileID: 3554104845378102124}
  m_RootOrder: 0
  m_LocalEulerAnglesHint: {x: 44.21651, y: 12.329146, z: -3.0156991}
--- !u!1 &7724784776537332839
GameObject:
  m_ObjectHideFlags: 0
  m_CorrespondingSourceObject: {fileID: 0}
  m_PrefabInstance: {fileID: 0}
  m_PrefabAsset: {fileID: 0}
  serializedVersion: 6
  m_Component:
  - component: {fileID: 3699601782496319024}
  m_Layer: 0
  m_Name: mixamorig:RightForeArm
  m_TagString: Untagged
  m_Icon: {fileID: 0}
  m_NavMeshLayer: 0
  m_StaticEditorFlags: 0
  m_IsActive: 1
--- !u!4 &3699601782496319024
Transform:
  m_ObjectHideFlags: 0
  m_CorrespondingSourceObject: {fileID: 0}
  m_PrefabInstance: {fileID: 0}
  m_PrefabAsset: {fileID: 0}
  m_GameObject: {fileID: 7724784776537332839}
  m_LocalRotation: {x: 0.004573544, y: 0.0008747459, z: 0.72199833, w: 0.6918791}
  m_LocalPosition: {x: 1.7949098e-10, y: 0.20454937, z: -0.0000000018738964}
  m_LocalScale: {x: 1, y: 1, z: 1}
  m_Children:
  - {fileID: 680415296511794256}
  m_Father: {fileID: 4864243970781871261}
  m_RootOrder: 0
  m_LocalEulerAnglesHint: {x: 6.179793, y: -1.0476199, z: 42.14858}
--- !u!1 &7819964283323235612
GameObject:
  m_ObjectHideFlags: 0
  m_CorrespondingSourceObject: {fileID: 0}
  m_PrefabInstance: {fileID: 0}
  m_PrefabAsset: {fileID: 0}
  serializedVersion: 6
  m_Component:
  - component: {fileID: 7146869695511878405}
  m_Layer: 0
  m_Name: mixamorig:RightHandThumb2
  m_TagString: Untagged
  m_Icon: {fileID: 0}
  m_NavMeshLayer: 0
  m_StaticEditorFlags: 0
  m_IsActive: 1
--- !u!4 &7146869695511878405
Transform:
  m_ObjectHideFlags: 0
  m_CorrespondingSourceObject: {fileID: 0}
  m_PrefabInstance: {fileID: 0}
  m_PrefabAsset: {fileID: 0}
  m_GameObject: {fileID: 7819964283323235612}
  m_LocalRotation: {x: -0.018651368, y: -0.025386034, z: -0.044145867, w: 0.99852836}
  m_LocalPosition: {x: -0.0033850884, y: 0.020790892, z: -8.1422086e-10}
  m_LocalScale: {x: 1, y: 1, z: 1}
  m_Children:
  - {fileID: 795669875815453314}
  m_Father: {fileID: 7349575408769447782}
  m_RootOrder: 0
  m_LocalEulerAnglesHint: {x: 0.7160974, y: -4.5096183, z: -16.159342}
--- !u!1 &7901718811176282534
GameObject:
  m_ObjectHideFlags: 0
  m_CorrespondingSourceObject: {fileID: 0}
  m_PrefabInstance: {fileID: 0}
  m_PrefabAsset: {fileID: 0}
  serializedVersion: 6
  m_Component:
  - component: {fileID: 7085557550375441520}
  m_Layer: 0
  m_Name: mixamorig:LeftHandMiddle1
  m_TagString: Untagged
  m_Icon: {fileID: 0}
  m_NavMeshLayer: 0
  m_StaticEditorFlags: 0
  m_IsActive: 1
--- !u!4 &7085557550375441520
Transform:
  m_ObjectHideFlags: 0
  m_CorrespondingSourceObject: {fileID: 0}
  m_PrefabInstance: {fileID: 0}
  m_PrefabAsset: {fileID: 0}
  m_GameObject: {fileID: 7901718811176282534}
  m_LocalRotation: {x: 0.045085605, y: 0.00044469372, z: -0.045907404, w: 0.99792767}
  m_LocalPosition: {x: 0.008757685, y: 0.07246273, z: -0.001014087}
  m_LocalScale: {x: 1, y: 1, z: 1}
  m_Children:
  - {fileID: 5625642480347937202}
  m_Father: {fileID: 5402237105958729307}
  m_RootOrder: 1
  m_LocalEulerAnglesHint: {x: 13.782256, y: -0.7529099, z: 3.584273}
--- !u!1 &7921620345793990559
GameObject:
  m_ObjectHideFlags: 0
  m_CorrespondingSourceObject: {fileID: 0}
  m_PrefabInstance: {fileID: 0}
  m_PrefabAsset: {fileID: 0}
  serializedVersion: 6
  m_Component:
  - component: {fileID: 30206626717549468}
  m_Layer: 0
  m_Name: mixamorig:Spine1
  m_TagString: Untagged
  m_Icon: {fileID: 0}
  m_NavMeshLayer: 0
  m_StaticEditorFlags: 0
  m_IsActive: 1
--- !u!4 &30206626717549468
Transform:
  m_ObjectHideFlags: 0
  m_CorrespondingSourceObject: {fileID: 0}
  m_PrefabInstance: {fileID: 0}
  m_PrefabAsset: {fileID: 0}
  m_GameObject: {fileID: 7921620345793990559}
  m_LocalRotation: {x: -0.029622521, y: -0.015828762, z: -0.011316277, w: 0.99937177}
  m_LocalPosition: {x: -0, y: 0.09476193, z: -3.0286773e-13}
  m_LocalScale: {x: 1, y: 1, z: 1}
  m_Children:
  - {fileID: 1571779021280408567}
  m_Father: {fileID: 6878945755432834932}
  m_RootOrder: 0
  m_LocalEulerAnglesHint: {x: 11.6871605, y: -9.230401, z: 1.2040105}
--- !u!1 &7941238272160735268
GameObject:
  m_ObjectHideFlags: 0
  m_CorrespondingSourceObject: {fileID: 0}
  m_PrefabInstance: {fileID: 0}
  m_PrefabAsset: {fileID: 0}
  serializedVersion: 6
  m_Component:
  - component: {fileID: 2460043551550943347}
  m_Layer: 0
  m_Name: mixamorig:RightHandMiddle1
  m_TagString: Untagged
  m_Icon: {fileID: 0}
  m_NavMeshLayer: 0
  m_StaticEditorFlags: 0
  m_IsActive: 1
--- !u!4 &2460043551550943347
Transform:
  m_ObjectHideFlags: 0
  m_CorrespondingSourceObject: {fileID: 0}
  m_PrefabInstance: {fileID: 0}
  m_PrefabAsset: {fileID: 0}
  m_GameObject: {fileID: 7941238272160735268}
  m_LocalRotation: {x: 0.02245311, y: -0.0014787813, z: 0.046939623, w: 0.9986443}
  m_LocalPosition: {x: -0.009209555, y: 0.07464842, z: -0.00083639036}
  m_LocalScale: {x: 1, y: 1, z: 1}
  m_Children:
  - {fileID: 5243545051903753364}
  m_Father: {fileID: 680415296511794256}
  m_RootOrder: 1
  m_LocalEulerAnglesHint: {x: 12.277324, y: -0.09879433, z: 3.2797728}
--- !u!1 &8346784208313919276
GameObject:
  m_ObjectHideFlags: 0
  m_CorrespondingSourceObject: {fileID: 0}
  m_PrefabInstance: {fileID: 0}
  m_PrefabAsset: {fileID: 0}
  serializedVersion: 6
  m_Component:
  - component: {fileID: 3484782722317450665}
  m_Layer: 0
  m_Name: mixamorig:LeftFoot
  m_TagString: Untagged
  m_Icon: {fileID: 0}
  m_NavMeshLayer: 0
  m_StaticEditorFlags: 0
  m_IsActive: 1
--- !u!4 &3484782722317450665
Transform:
  m_ObjectHideFlags: 0
  m_CorrespondingSourceObject: {fileID: 0}
  m_PrefabInstance: {fileID: 0}
  m_PrefabAsset: {fileID: 0}
  m_GameObject: {fileID: 8346784208313919276}
  m_LocalRotation: {x: 0.5887321, y: 0.01954385, z: -0.022709543, w: 0.8077728}
  m_LocalPosition: {x: -7.8801043e-10, y: 0.18568264, z: -1.2152317e-10}
  m_LocalScale: {x: 1, y: 1, z: 1}
  m_Children:
  - {fileID: 5280580417809093430}
  m_Father: {fileID: 8357093575216366917}
  m_RootOrder: 0
  m_LocalEulerAnglesHint: {x: 62.80267, y: 20.499151, z: 22.656778}
--- !u!1 &8571664603087816248
GameObject:
  m_ObjectHideFlags: 0
  m_CorrespondingSourceObject: {fileID: 0}
  m_PrefabInstance: {fileID: 0}
  m_PrefabAsset: {fileID: 0}
  serializedVersion: 6
  m_Component:
  - component: {fileID: 3463482690184364610}
  m_Layer: 0
  m_Name: mixamorig:LeftHandThumb2
  m_TagString: Untagged
  m_Icon: {fileID: 0}
  m_NavMeshLayer: 0
  m_StaticEditorFlags: 0
  m_IsActive: 1
--- !u!4 &3463482690184364610
Transform:
  m_ObjectHideFlags: 0
  m_CorrespondingSourceObject: {fileID: 0}
  m_PrefabInstance: {fileID: 0}
  m_PrefabAsset: {fileID: 0}
  m_GameObject: {fileID: 8571664603087816248}
  m_LocalRotation: {x: 0.014352321, y: 0.026757745, z: 0.04519409, w: 0.9985167}
  m_LocalPosition: {x: 0.0023697217, y: 0.019959481, z: 1.955037e-10}
  m_LocalScale: {x: 1, y: 1, z: 1}
  m_Children:
  - {fileID: 2203923846333120046}
  m_Father: {fileID: 6254038311643721678}
  m_RootOrder: 0
  m_LocalEulerAnglesHint: {x: -0.47303835, y: 3.191883, z: -3.5988178}
--- !u!1 &8611910862144758012
GameObject:
  m_ObjectHideFlags: 0
  m_CorrespondingSourceObject: {fileID: 0}
  m_PrefabInstance: {fileID: 0}
  m_PrefabAsset: {fileID: 0}
  serializedVersion: 6
  m_Component:
  - component: {fileID: 4693548349909915376}
  m_Layer: 0
  m_Name: mixamorig:Head
  m_TagString: Untagged
  m_Icon: {fileID: 0}
  m_NavMeshLayer: 0
  m_StaticEditorFlags: 0
  m_IsActive: 1
--- !u!4 &4693548349909915376
Transform:
  m_ObjectHideFlags: 0
  m_CorrespondingSourceObject: {fileID: 0}
  m_PrefabInstance: {fileID: 0}
  m_PrefabAsset: {fileID: 0}
  m_GameObject: {fileID: 8611910862144758012}
  m_LocalRotation: {x: -0.17151317, y: 0.05767594, z: -0.007567359, w: 0.98346305}
  m_LocalPosition: {x: -0, y: 0.14108643, z: 0.00520821}
  m_LocalScale: {x: 1, y: 1, z: 1}
  m_Children:
  - {fileID: 7528781067539141150}
  m_Father: {fileID: 5379703028799569802}
  m_RootOrder: 0
  m_LocalEulerAnglesHint: {x: -5.8789887, y: -20.544619, z: 2.5667505}
--- !u!1 &8678419604077556849
GameObject:
  m_ObjectHideFlags: 0
  m_CorrespondingSourceObject: {fileID: 0}
  m_PrefabInstance: {fileID: 0}
  m_PrefabAsset: {fileID: 0}
  serializedVersion: 6
  m_Component:
  - component: {fileID: 4969895057235471432}
  m_Layer: 0
  m_Name: mixamorig:RightHandPinky4
  m_TagString: Untagged
  m_Icon: {fileID: 0}
  m_NavMeshLayer: 0
  m_StaticEditorFlags: 0
  m_IsActive: 1
--- !u!4 &4969895057235471432
Transform:
  m_ObjectHideFlags: 0
  m_CorrespondingSourceObject: {fileID: 0}
  m_PrefabInstance: {fileID: 0}
  m_PrefabAsset: {fileID: 0}
  m_GameObject: {fileID: 8678419604077556849}
  m_LocalRotation: {x: 0, y: -0, z: -0, w: 1}
  m_LocalPosition: {x: 0.0012835234, y: 0.01634746, z: -3.1528558e-11}
  m_LocalScale: {x: 1, y: 1, z: 1}
  m_Children: []
  m_Father: {fileID: 3663273841706733040}
  m_RootOrder: 0
  m_LocalEulerAnglesHint: {x: 0, y: 0, z: 0}
--- !u!1 &8689965083278781401
GameObject:
  m_ObjectHideFlags: 0
  m_CorrespondingSourceObject: {fileID: 0}
  m_PrefabInstance: {fileID: 0}
  m_PrefabAsset: {fileID: 0}
  serializedVersion: 6
  m_Component:
  - component: {fileID: 2944624532728043232}
  m_Layer: 0
  m_Name: mixamorig:LeftToe_End
  m_TagString: Untagged
  m_Icon: {fileID: 0}
  m_NavMeshLayer: 0
  m_StaticEditorFlags: 0
  m_IsActive: 1
--- !u!4 &2944624532728043232
Transform:
  m_ObjectHideFlags: 0
  m_CorrespondingSourceObject: {fileID: 0}
  m_PrefabInstance: {fileID: 0}
  m_PrefabAsset: {fileID: 0}
  m_GameObject: {fileID: 8689965083278781401}
  m_LocalRotation: {x: 0, y: -0, z: -0, w: 1}
  m_LocalPosition: {x: -5.4489867e-11, y: 0.044114795, z: 7.974793e-11}
  m_LocalScale: {x: 1, y: 1, z: 1}
  m_Children: []
  m_Father: {fileID: 5280580417809093430}
  m_RootOrder: 0
  m_LocalEulerAnglesHint: {x: 0, y: 0, z: 0}
--- !u!1 &8876112649436718709
GameObject:
  m_ObjectHideFlags: 0
  m_CorrespondingSourceObject: {fileID: 0}
  m_PrefabInstance: {fileID: 0}
  m_PrefabAsset: {fileID: 0}
  serializedVersion: 6
  m_Component:
  - component: {fileID: 6254038311643721678}
  m_Layer: 0
  m_Name: mixamorig:LeftHandThumb1
  m_TagString: Untagged
  m_Icon: {fileID: 0}
  m_NavMeshLayer: 0
  m_StaticEditorFlags: 0
  m_IsActive: 1
--- !u!4 &6254038311643721678
Transform:
  m_ObjectHideFlags: 0
  m_CorrespondingSourceObject: {fileID: 0}
  m_PrefabInstance: {fileID: 0}
  m_PrefabAsset: {fileID: 0}
  m_GameObject: {fileID: 8876112649436718709}
  m_LocalRotation: {x: 0.14457992, y: -0.086392775, z: -0.2275921, w: 0.9590802}
  m_LocalPosition: {x: 0.018111894, y: 0.015817646, z: 0.007280384}
  m_LocalScale: {x: 1, y: 1, z: 1}
  m_Children:
  - {fileID: 3463482690184364610}
  m_Father: {fileID: 5402237105958729307}
  m_RootOrder: 4
  m_LocalEulerAnglesHint: {x: 24.024223, y: -25.587309, z: -30.42759}
--- !u!1 &8902355475128473191
GameObject:
  m_ObjectHideFlags: 0
  m_CorrespondingSourceObject: {fileID: 0}
  m_PrefabInstance: {fileID: 0}
  m_PrefabAsset: {fileID: 0}
  serializedVersion: 6
  m_Component:
  - component: {fileID: 7946751540474610836}
  m_Layer: 0
  m_Name: mixamorig:RightHandRing1
  m_TagString: Untagged
  m_Icon: {fileID: 0}
  m_NavMeshLayer: 0
  m_StaticEditorFlags: 0
  m_IsActive: 1
--- !u!4 &7946751540474610836
Transform:
  m_ObjectHideFlags: 0
  m_CorrespondingSourceObject: {fileID: 0}
  m_PrefabInstance: {fileID: 0}
  m_PrefabAsset: {fileID: 0}
  m_GameObject: {fileID: 8902355475128473191}
  m_LocalRotation: {x: 0.023069272, y: -0.008382008, z: 0.034518752, w: 0.9991026}
  m_LocalPosition: {x: 0.009464001, y: 0.07542645, z: -0.0011987195}
  m_LocalScale: {x: 1, y: 1, z: 1}
  m_Children:
  - {fileID: 5118290212104930076}
  m_Father: {fileID: 680415296511794256}
  m_RootOrder: 3
  m_LocalEulerAnglesHint: {x: 21.11695, y: 1.101326, z: -2.7595716}
--- !u!1 &9003378196055903250
GameObject:
  m_ObjectHideFlags: 0
  m_CorrespondingSourceObject: {fileID: 0}
  m_PrefabInstance: {fileID: 0}
  m_PrefabAsset: {fileID: 0}
  serializedVersion: 6
  m_Component:
  - component: {fileID: 2424422930791920931}
  m_Layer: 0
  m_Name: mixamorig:LeftHandRing3
  m_TagString: Untagged
  m_Icon: {fileID: 0}
  m_NavMeshLayer: 0
  m_StaticEditorFlags: 0
  m_IsActive: 1
--- !u!4 &2424422930791920931
Transform:
  m_ObjectHideFlags: 0
  m_CorrespondingSourceObject: {fileID: 0}
  m_PrefabInstance: {fileID: 0}
  m_PrefabAsset: {fileID: 0}
  m_GameObject: {fileID: 9003378196055903250}
  m_LocalRotation: {x: 0.080855176, y: -0.0017918944, z: -0.008283913, w: 0.99668986}
  m_LocalPosition: {x: -0.000319014, y: 0.021806821, z: -2.9056507e-11}
  m_LocalScale: {x: 1, y: 1, z: 1}
  m_Children:
  - {fileID: 7081553199319170458}
  m_Father: {fileID: 392797228443434411}
  m_RootOrder: 0
  m_LocalEulerAnglesHint: {x: 0.007330922, y: -0.5013216, z: -1.9664994}
--- !u!1 &9124962085211289193
GameObject:
  m_ObjectHideFlags: 0
  m_CorrespondingSourceObject: {fileID: 0}
  m_PrefabInstance: {fileID: 0}
  m_PrefabAsset: {fileID: 0}
  serializedVersion: 6
  m_Component:
  - component: {fileID: 57529558495530708}
  m_Layer: 0
  m_Name: mixamorig:LeftHandPinky3
  m_TagString: Untagged
  m_Icon: {fileID: 0}
  m_NavMeshLayer: 0
  m_StaticEditorFlags: 0
  m_IsActive: 1
--- !u!4 &57529558495530708
Transform:
  m_ObjectHideFlags: 0
  m_CorrespondingSourceObject: {fileID: 0}
  m_PrefabInstance: {fileID: 0}
  m_PrefabAsset: {fileID: 0}
  m_GameObject: {fileID: 9124962085211289193}
  m_LocalRotation: {x: 0.08114047, y: -0.0037642454, z: -0.021266745, w: 0.99646866}
  m_LocalPosition: {x: -0.00040969107, y: 0.016646208, z: -4.5229284e-10}
  m_LocalScale: {x: 1, y: 1, z: 1}
  m_Children:
  - {fileID: 1597748926394104274}
  m_Father: {fileID: 5519252433297218607}
  m_RootOrder: 0
  m_LocalEulerAnglesHint: {x: 0.023085807, y: -0.9376943, z: -3.394518}
--- !u!1 &9192213058935541435
GameObject:
  m_ObjectHideFlags: 0
  m_CorrespondingSourceObject: {fileID: 0}
  m_PrefabInstance: {fileID: 0}
  m_PrefabAsset: {fileID: 0}
  serializedVersion: 6
  m_Component:
  - component: {fileID: 9178501825767888274}
  m_Layer: 0
  m_Name: mixamorig:RightToe_End
  m_TagString: Untagged
  m_Icon: {fileID: 0}
  m_NavMeshLayer: 0
  m_StaticEditorFlags: 0
  m_IsActive: 1
--- !u!4 &9178501825767888274
Transform:
  m_ObjectHideFlags: 0
  m_CorrespondingSourceObject: {fileID: 0}
  m_PrefabInstance: {fileID: 0}
  m_PrefabAsset: {fileID: 0}
  m_GameObject: {fileID: 9192213058935541435}
  m_LocalRotation: {x: 0, y: -0, z: -0, w: 1}
  m_LocalPosition: {x: -3.0362095e-11, y: 0.043400303, z: -1.6653036e-10}
  m_LocalScale: {x: 1, y: 1, z: 1}
  m_Children: []
  m_Father: {fileID: 4088498177954231600}
  m_RootOrder: 0
  m_LocalEulerAnglesHint: {x: 0, y: 0, z: 0}
