%YAML 1.1
%TAG !u! tag:unity3d.com,2011:
--- !u!1 &288836850462687524
GameObject:
  m_ObjectHideFlags: 0
  m_CorrespondingSourceObject: {fileID: 0}
  m_PrefabInstance: {fileID: 0}
  m_PrefabAsset: {fileID: 0}
  serializedVersion: 6
  m_Component:
  - component: {fileID: 8804041376161536118}
  m_Layer: 0
  m_Name: LaserLight (4)
  m_TagString: Untagged
  m_Icon: {fileID: 0}
  m_NavMeshLayer: 0
  m_StaticEditorFlags: 0
  m_IsActive: 1
--- !u!4 &8804041376161536118
Transform:
  m_ObjectHideFlags: 0
  m_CorrespondingSourceObject: {fileID: 0}
  m_PrefabInstance: {fileID: 0}
  m_PrefabAsset: {fileID: 0}
  m_GameObject: {fileID: 288836850462687524}
  m_LocalRotation: {x: -0, y: 0.840062, z: -0, w: 0.5424904}
  m_LocalPosition: {x: 3.7699976, y: 2.42, z: -9.690002}
  m_LocalScale: {x: 1, y: 1, z: 1}
  m_Children:
  - {fileID: 3185831478446313546}
  - {fileID: 5216387938984391177}
  m_Father: {fileID: 5996759377739071725}
  m_RootOrder: 4
  m_LocalEulerAnglesHint: {x: 0, y: 249.293, z: 0}
--- !u!1 &508209366934454663
GameObject:
  m_ObjectHideFlags: 0
  m_CorrespondingSourceObject: {fileID: 0}
  m_PrefabInstance: {fileID: 0}
  m_PrefabAsset: {fileID: 0}
  serializedVersion: 6
  m_Component:
  - component: {fileID: 6546522306567716752}
  m_Layer: 0
  m_Name: LaserLight (2)
  m_TagString: Untagged
  m_Icon: {fileID: 0}
  m_NavMeshLayer: 0
  m_StaticEditorFlags: 0
  m_IsActive: 1
--- !u!4 &6546522306567716752
Transform:
  m_ObjectHideFlags: 0
  m_CorrespondingSourceObject: {fileID: 0}
  m_PrefabInstance: {fileID: 0}
  m_PrefabAsset: {fileID: 0}
  m_GameObject: {fileID: 508209366934454663}
  m_LocalRotation: {x: -0, y: 0.2147805, z: -0, w: 0.9766624}
  m_LocalPosition: {x: -0.06, y: 2.42, z: -1.19}
  m_LocalScale: {x: 1, y: 1, z: 1}
  m_Children:
  - {fileID: 5667063130765496148}
  - {fileID: 964209996618452416}
  m_Father: {fileID: 5996759377739071725}
  m_RootOrder: 2
  m_LocalEulerAnglesHint: {x: 0, y: 159.805, z: 0}
--- !u!1 &1045064905144099713
GameObject:
  m_ObjectHideFlags: 0
  m_CorrespondingSourceObject: {fileID: 0}
  m_PrefabInstance: {fileID: 0}
  m_PrefabAsset: {fileID: 0}
  serializedVersion: 6
  m_Component:
  - component: {fileID: 2250221179003612698}
  - component: {fileID: 8040045660032647741}
  - component: {fileID: 6625824956703292128}
  m_Layer: 0
  m_Name: Stand
  m_TagString: Untagged
  m_Icon: {fileID: 0}
  m_NavMeshLayer: 0
  m_StaticEditorFlags: 0
  m_IsActive: 1
--- !u!4 &2250221179003612698
Transform:
  m_ObjectHideFlags: 0
  m_CorrespondingSourceObject: {fileID: 0}
  m_PrefabInstance: {fileID: 0}
  m_PrefabAsset: {fileID: 0}
  m_GameObject: {fileID: 1045064905144099713}
  m_LocalRotation: {x: 0, y: -0, z: -0, w: 1}
  m_LocalPosition: {x: 0.00000039910108, y: 0.047059916, z: -0.0000013968537}
  m_LocalScale: {x: 1, y: 1, z: 1}
  m_Children: []
  m_Father: {fileID: 97997165336808345}
  m_RootOrder: 1
  m_LocalEulerAnglesHint: {x: 0, y: 0, z: 0}
--- !u!33 &8040045660032647741
MeshFilter:
  m_ObjectHideFlags: 0
  m_CorrespondingSourceObject: {fileID: 0}
  m_PrefabInstance: {fileID: 0}
  m_PrefabAsset: {fileID: 0}
  m_GameObject: {fileID: 1045064905144099713}
  m_Mesh: {fileID: -9189612823058448048, guid: c07857c22c66032498dcdbc6d0fabb6a, type: 3}
--- !u!23 &6625824956703292128
MeshRenderer:
  m_ObjectHideFlags: 0
  m_CorrespondingSourceObject: {fileID: 0}
  m_PrefabInstance: {fileID: 0}
  m_PrefabAsset: {fileID: 0}
  m_GameObject: {fileID: 1045064905144099713}
  m_Enabled: 1
  m_CastShadows: 1
  m_ReceiveShadows: 1
  m_DynamicOccludee: 1
  m_MotionVectors: 1
  m_LightProbeUsage: 1
  m_ReflectionProbeUsage: 1
  m_RayTracingMode: 2
  m_RayTraceProcedural: 0
  m_RenderingLayerMask: 1
  m_RendererPriority: 0
  m_Materials:
  - {fileID: 2100000, guid: 39afb4e2adc9a5449902fd871eb784eb, type: 2}
  m_StaticBatchInfo:
    firstSubMesh: 0
    subMeshCount: 0
  m_StaticBatchRoot: {fileID: 0}
  m_ProbeAnchor: {fileID: 0}
  m_LightProbeVolumeOverride: {fileID: 0}
  m_ScaleInLightmap: 1
  m_ReceiveGI: 1
  m_PreserveUVs: 0
  m_IgnoreNormalsForChartDetection: 0
  m_ImportantGI: 0
  m_StitchLightmapSeams: 1
  m_SelectedEditorRenderState: 3
  m_MinimumChartSize: 4
  m_AutoUVMaxDistance: 0.5
  m_AutoUVMaxAngle: 89
  m_LightmapParameters: {fileID: 0}
  m_SortingLayerID: 0
  m_SortingLayer: 0
  m_SortingOrder: 0
  m_AdditionalVertexStreams: {fileID: 0}
--- !u!1 &1554637764465194485
GameObject:
  m_ObjectHideFlags: 0
  m_CorrespondingSourceObject: {fileID: 0}
  m_PrefabInstance: {fileID: 0}
  m_PrefabAsset: {fileID: 0}
  serializedVersion: 6
  m_Component:
  - component: {fileID: 62334537354826716}
  - component: {fileID: 7467692716102919010}
  - component: {fileID: 5154853362277499399}
  m_Layer: 0
  m_Name: Light_Ray_01
  m_TagString: Untagged
  m_Icon: {fileID: 0}
  m_NavMeshLayer: 0
  m_StaticEditorFlags: 0
  m_IsActive: 1
--- !u!4 &62334537354826716
Transform:
  m_ObjectHideFlags: 0
  m_CorrespondingSourceObject: {fileID: 0}
  m_PrefabInstance: {fileID: 0}
  m_PrefabAsset: {fileID: 0}
  m_GameObject: {fileID: 1554637764465194485}
  m_LocalRotation: {x: -0, y: -0, z: -0, w: 1}
  m_LocalPosition: {x: 0, y: 0.24718782, z: 0}
  m_LocalScale: {x: 1, y: 1, z: 1}
  m_Children: []
  m_Father: {fileID: 6119823557935273268}
  m_RootOrder: 0
  m_LocalEulerAnglesHint: {x: 0, y: 0, z: 0}
--- !u!33 &7467692716102919010
MeshFilter:
  m_ObjectHideFlags: 0
  m_CorrespondingSourceObject: {fileID: 0}
  m_PrefabInstance: {fileID: 0}
  m_PrefabAsset: {fileID: 0}
  m_GameObject: {fileID: 1554637764465194485}
  m_Mesh: {fileID: 9064204489948789982, guid: af2b22e43f98e084f902b156504596fb, type: 3}
--- !u!23 &5154853362277499399
MeshRenderer:
  m_ObjectHideFlags: 0
  m_CorrespondingSourceObject: {fileID: 0}
  m_PrefabInstance: {fileID: 0}
  m_PrefabAsset: {fileID: 0}
  m_GameObject: {fileID: 1554637764465194485}
  m_Enabled: 1
  m_CastShadows: 1
  m_ReceiveShadows: 1
  m_DynamicOccludee: 1
  m_MotionVectors: 1
  m_LightProbeUsage: 1
  m_ReflectionProbeUsage: 1
  m_RayTracingMode: 2
  m_RayTraceProcedural: 0
  m_RenderingLayerMask: 1
  m_RendererPriority: 0
  m_Materials:
  - {fileID: 2100000, guid: 48fe48d355bb008489da952f00010f79, type: 2}
  m_StaticBatchInfo:
    firstSubMesh: 0
    subMeshCount: 0
  m_StaticBatchRoot: {fileID: 0}
  m_ProbeAnchor: {fileID: 0}
  m_LightProbeVolumeOverride: {fileID: 0}
  m_ScaleInLightmap: 1
  m_ReceiveGI: 1
  m_PreserveUVs: 0
  m_IgnoreNormalsForChartDetection: 0
  m_ImportantGI: 0
  m_StitchLightmapSeams: 1
  m_SelectedEditorRenderState: 3
  m_MinimumChartSize: 4
  m_AutoUVMaxDistance: 0.5
  m_AutoUVMaxAngle: 89
  m_LightmapParameters: {fileID: 0}
  m_SortingLayerID: 0
  m_SortingLayer: 0
  m_SortingOrder: 0
  m_AdditionalVertexStreams: {fileID: 0}
--- !u!1 &1713856870398164991
GameObject:
  m_ObjectHideFlags: 0
  m_CorrespondingSourceObject: {fileID: 0}
  m_PrefabInstance: {fileID: 0}
  m_PrefabAsset: {fileID: 0}
  serializedVersion: 6
  m_Component:
  - component: {fileID: 4358489664071683871}
  - component: {fileID: 1593986986317968456}
  - component: {fileID: 4613006862084556591}
  - component: {fileID: 2222903045467424102}
  m_Layer: 0
  m_Name: Base
  m_TagString: Untagged
  m_Icon: {fileID: 0}
  m_NavMeshLayer: 0
  m_StaticEditorFlags: 0
  m_IsActive: 1
--- !u!4 &4358489664071683871
Transform:
  m_ObjectHideFlags: 0
  m_CorrespondingSourceObject: {fileID: 0}
  m_PrefabInstance: {fileID: 0}
  m_PrefabAsset: {fileID: 0}
  m_GameObject: {fileID: 1713856870398164991}
  m_LocalRotation: {x: -0.45528346, y: 0.008605018, z: -0.051673494, w: 0.8888042}
  m_LocalPosition: {x: 0.00000039910108, y: 0.45981196, z: -0.0000013968537}
  m_LocalScale: {x: 1, y: 1, z: 1}
  m_Children:
  - {fileID: 4245644080436931150}
  m_Father: {fileID: 97997165336808345}
  m_RootOrder: 0
  m_LocalEulerAnglesHint: {x: -53.942, y: 6.081, z: -9.751}
--- !u!33 &1593986986317968456
MeshFilter:
  m_ObjectHideFlags: 0
  m_CorrespondingSourceObject: {fileID: 0}
  m_PrefabInstance: {fileID: 0}
  m_PrefabAsset: {fileID: 0}
  m_GameObject: {fileID: 1713856870398164991}
  m_Mesh: {fileID: 3909233067320746374, guid: c07857c22c66032498dcdbc6d0fabb6a, type: 3}
--- !u!23 &4613006862084556591
MeshRenderer:
  m_ObjectHideFlags: 0
  m_CorrespondingSourceObject: {fileID: 0}
  m_PrefabInstance: {fileID: 0}
  m_PrefabAsset: {fileID: 0}
  m_GameObject: {fileID: 1713856870398164991}
  m_Enabled: 1
  m_CastShadows: 1
  m_ReceiveShadows: 1
  m_DynamicOccludee: 1
  m_MotionVectors: 1
  m_LightProbeUsage: 1
  m_ReflectionProbeUsage: 1
  m_RayTracingMode: 2
  m_RayTraceProcedural: 0
  m_RenderingLayerMask: 1
  m_RendererPriority: 0
  m_Materials:
  - {fileID: 2100000, guid: e97bac660686ccf409f1d48dbc02a17f, type: 2}
  - {fileID: 2100000, guid: 39afb4e2adc9a5449902fd871eb784eb, type: 2}
  m_StaticBatchInfo:
    firstSubMesh: 0
    subMeshCount: 0
  m_StaticBatchRoot: {fileID: 0}
  m_ProbeAnchor: {fileID: 0}
  m_LightProbeVolumeOverride: {fileID: 0}
  m_ScaleInLightmap: 1
  m_ReceiveGI: 1
  m_PreserveUVs: 0
  m_IgnoreNormalsForChartDetection: 0
  m_ImportantGI: 0
  m_StitchLightmapSeams: 1
  m_SelectedEditorRenderState: 3
  m_MinimumChartSize: 4
  m_AutoUVMaxDistance: 0.5
  m_AutoUVMaxAngle: 89
  m_LightmapParameters: {fileID: 0}
  m_SortingLayerID: 0
  m_SortingLayer: 0
  m_SortingOrder: 0
  m_AdditionalVertexStreams: {fileID: 0}
--- !u!114 &2222903045467424102
MonoBehaviour:
  m_ObjectHideFlags: 0
  m_CorrespondingSourceObject: {fileID: 0}
  m_PrefabInstance: {fileID: 0}
  m_PrefabAsset: {fileID: 0}
  m_GameObject: {fileID: 1713856870398164991}
  m_Enabled: 1
  m_EditorHideFlags: 0
  m_Script: {fileID: 11500000, guid: eb57f5a658441324ab1ab85b6c6cc8c6, type: 3}
  m_Name: 
  m_EditorClassIdentifier: 
  lightRenderer: {fileID: 1879002428287647389}
  lightColors:
  - {r: 0.8352942, g: 0.13333334, b: 0.14901961, a: 1}
  - {r: 1, g: 1, b: 1, a: 1}
  - {r: 0.3647059, g: 0.48235297, b: 1, a: 1}
  - {r: 0.8352942, g: 0.13333334, b: 0.14901961, a: 1}
  - {r: 1, g: 1, b: 1, a: 1}
  - {r: 0.3647059, g: 0.48235297, b: 1, a: 1}
--- !u!1 &2369129078795802396
GameObject:
  m_ObjectHideFlags: 0
  m_CorrespondingSourceObject: {fileID: 0}
  m_PrefabInstance: {fileID: 0}
  m_PrefabAsset: {fileID: 0}
  serializedVersion: 6
  m_Component:
  - component: {fileID: 5756267843889927951}
  m_Layer: 0
  m_Name: EndPlatform_New
  m_TagString: Untagged
  m_Icon: {fileID: 0}
  m_NavMeshLayer: 0
  m_StaticEditorFlags: 4294967295
  m_IsActive: 1
--- !u!4 &5756267843889927951
Transform:
  m_ObjectHideFlags: 0
  m_CorrespondingSourceObject: {fileID: 0}
  m_PrefabInstance: {fileID: 0}
  m_PrefabAsset: {fileID: 0}
  m_GameObject: {fileID: 2369129078795802396}
  m_LocalRotation: {x: -0, y: -0.92387986, z: -0, w: -0.38268277}
  m_LocalPosition: {x: 2.88, y: 10.196, z: -137.76}
  m_LocalScale: {x: 1, y: 1, z: 1}
  m_Children:
  - {fileID: 5961620354494398149}
  - {fileID: 7200736287729237759}
  - {fileID: 7200736287560142227}
  - {fileID: 7200736288747376425}
  - {fileID: 7200736288978853034}
  - {fileID: 6319019385153321432}
  - {fileID: 5996759377739071725}
  m_Father: {fileID: 0}
  m_RootOrder: 0
  m_LocalEulerAnglesHint: {x: 0, y: 0, z: 0}
--- !u!1 &2440385457978869572
GameObject:
  m_ObjectHideFlags: 0
  m_CorrespondingSourceObject: {fileID: 0}
  m_PrefabInstance: {fileID: 0}
  m_PrefabAsset: {fileID: 0}
  serializedVersion: 6
  m_Component:
  - component: {fileID: 4245644080436931150}
  - component: {fileID: 2945042077062673817}
  - component: {fileID: 1879002428287647389}
  m_Layer: 0
  m_Name: Light_Ray_01
  m_TagString: Untagged
  m_Icon: {fileID: 0}
  m_NavMeshLayer: 0
  m_StaticEditorFlags: 0
  m_IsActive: 1
--- !u!4 &4245644080436931150
Transform:
  m_ObjectHideFlags: 0
  m_CorrespondingSourceObject: {fileID: 0}
  m_PrefabInstance: {fileID: 0}
  m_PrefabAsset: {fileID: 0}
  m_GameObject: {fileID: 2440385457978869572}
  m_LocalRotation: {x: -0, y: -0, z: -0, w: 1}
  m_LocalPosition: {x: 0, y: 0.24718782, z: 0}
  m_LocalScale: {x: 1, y: 1, z: 1}
  m_Children: []
  m_Father: {fileID: 4358489664071683871}
  m_RootOrder: 0
  m_LocalEulerAnglesHint: {x: 0, y: 0, z: 0}
--- !u!33 &2945042077062673817
MeshFilter:
  m_ObjectHideFlags: 0
  m_CorrespondingSourceObject: {fileID: 0}
  m_PrefabInstance: {fileID: 0}
  m_PrefabAsset: {fileID: 0}
  m_GameObject: {fileID: 2440385457978869572}
  m_Mesh: {fileID: 9064204489948789982, guid: af2b22e43f98e084f902b156504596fb, type: 3}
--- !u!23 &1879002428287647389
MeshRenderer:
  m_ObjectHideFlags: 0
  m_CorrespondingSourceObject: {fileID: 0}
  m_PrefabInstance: {fileID: 0}
  m_PrefabAsset: {fileID: 0}
  m_GameObject: {fileID: 2440385457978869572}
  m_Enabled: 1
  m_CastShadows: 1
  m_ReceiveShadows: 1
  m_DynamicOccludee: 1
  m_MotionVectors: 1
  m_LightProbeUsage: 1
  m_ReflectionProbeUsage: 1
  m_RayTracingMode: 2
  m_RayTraceProcedural: 0
  m_RenderingLayerMask: 1
  m_RendererPriority: 0
  m_Materials:
  - {fileID: 2100000, guid: 48fe48d355bb008489da952f00010f79, type: 2}
  m_StaticBatchInfo:
    firstSubMesh: 0
    subMeshCount: 0
  m_StaticBatchRoot: {fileID: 0}
  m_ProbeAnchor: {fileID: 0}
  m_LightProbeVolumeOverride: {fileID: 0}
  m_ScaleInLightmap: 1
  m_ReceiveGI: 1
  m_PreserveUVs: 0
  m_IgnoreNormalsForChartDetection: 0
  m_ImportantGI: 0
  m_StitchLightmapSeams: 1
  m_SelectedEditorRenderState: 3
  m_MinimumChartSize: 4
  m_AutoUVMaxDistance: 0.5
  m_AutoUVMaxAngle: 89
  m_LightmapParameters: {fileID: 0}
  m_SortingLayerID: 0
  m_SortingLayer: 0
  m_SortingOrder: 0
  m_AdditionalVertexStreams: {fileID: 0}
--- !u!1 &2442706796851048234
GameObject:
  m_ObjectHideFlags: 0
  m_CorrespondingSourceObject: {fileID: 0}
  m_PrefabInstance: {fileID: 0}
  m_PrefabAsset: {fileID: 0}
  serializedVersion: 6
  m_Component:
  - component: {fileID: 5667063130765496148}
  - component: {fileID: 6044496128421198294}
  - component: {fileID: 6779439993102126771}
  - component: {fileID: 7649859708117813710}
  m_Layer: 0
  m_Name: Base
  m_TagString: Untagged
  m_Icon: {fileID: 0}
  m_NavMeshLayer: 0
  m_StaticEditorFlags: 0
  m_IsActive: 1
--- !u!4 &5667063130765496148
Transform:
  m_ObjectHideFlags: 0
  m_CorrespondingSourceObject: {fileID: 0}
  m_PrefabInstance: {fileID: 0}
  m_PrefabAsset: {fileID: 0}
  m_GameObject: {fileID: 2442706796851048234}
  m_LocalRotation: {x: -0.42070666, y: -0.016123012, z: 0.096819654, w: 0.90187144}
  m_LocalPosition: {x: 0.00000039910108, y: 0.45981196, z: -0.0000013968537}
  m_LocalScale: {x: 1, y: 1, z: 1}
  m_Children:
  - {fileID: 7088510614703584111}
  m_Father: {fileID: 6546522306567716752}
  m_RootOrder: 0
  m_LocalEulerAnglesHint: {x: -49.089, y: -9.718, z: 16.701}
--- !u!33 &6044496128421198294
MeshFilter:
  m_ObjectHideFlags: 0
  m_CorrespondingSourceObject: {fileID: 0}
  m_PrefabInstance: {fileID: 0}
  m_PrefabAsset: {fileID: 0}
  m_GameObject: {fileID: 2442706796851048234}
  m_Mesh: {fileID: 3909233067320746374, guid: c07857c22c66032498dcdbc6d0fabb6a, type: 3}
--- !u!23 &6779439993102126771
MeshRenderer:
  m_ObjectHideFlags: 0
  m_CorrespondingSourceObject: {fileID: 0}
  m_PrefabInstance: {fileID: 0}
  m_PrefabAsset: {fileID: 0}
  m_GameObject: {fileID: 2442706796851048234}
  m_Enabled: 1
  m_CastShadows: 1
  m_ReceiveShadows: 1
  m_DynamicOccludee: 1
  m_MotionVectors: 1
  m_LightProbeUsage: 1
  m_ReflectionProbeUsage: 1
  m_RayTracingMode: 2
  m_RayTraceProcedural: 0
  m_RenderingLayerMask: 1
  m_RendererPriority: 0
  m_Materials:
  - {fileID: 2100000, guid: e97bac660686ccf409f1d48dbc02a17f, type: 2}
  - {fileID: 2100000, guid: 39afb4e2adc9a5449902fd871eb784eb, type: 2}
  m_StaticBatchInfo:
    firstSubMesh: 0
    subMeshCount: 0
  m_StaticBatchRoot: {fileID: 0}
  m_ProbeAnchor: {fileID: 0}
  m_LightProbeVolumeOverride: {fileID: 0}
  m_ScaleInLightmap: 1
  m_ReceiveGI: 1
  m_PreserveUVs: 0
  m_IgnoreNormalsForChartDetection: 0
  m_ImportantGI: 0
  m_StitchLightmapSeams: 1
  m_SelectedEditorRenderState: 3
  m_MinimumChartSize: 4
  m_AutoUVMaxDistance: 0.5
  m_AutoUVMaxAngle: 89
  m_LightmapParameters: {fileID: 0}
  m_SortingLayerID: 0
  m_SortingLayer: 0
  m_SortingOrder: 0
  m_AdditionalVertexStreams: {fileID: 0}
--- !u!114 &7649859708117813710
MonoBehaviour:
  m_ObjectHideFlags: 0
  m_CorrespondingSourceObject: {fileID: 0}
  m_PrefabInstance: {fileID: 0}
  m_PrefabAsset: {fileID: 0}
  m_GameObject: {fileID: 2442706796851048234}
  m_Enabled: 1
  m_EditorHideFlags: 0
  m_Script: {fileID: 11500000, guid: eb57f5a658441324ab1ab85b6c6cc8c6, type: 3}
  m_Name: 
  m_EditorClassIdentifier: 
  lightRenderer: {fileID: 6521814956116939929}
  lightColors:
  - {r: 0.8352942, g: 0.13333334, b: 0.14901961, a: 1}
  - {r: 1, g: 1, b: 1, a: 1}
  - {r: 0.3647059, g: 0.48235297, b: 1, a: 1}
  - {r: 0.8352942, g: 0.13333334, b: 0.14901961, a: 1}
  - {r: 1, g: 1, b: 1, a: 1}
  - {r: 0.3647059, g: 0.48235297, b: 1, a: 1}
--- !u!1 &3102902116382902259
GameObject:
  m_ObjectHideFlags: 0
  m_CorrespondingSourceObject: {fileID: 0}
  m_PrefabInstance: {fileID: 0}
  m_PrefabAsset: {fileID: 0}
  serializedVersion: 6
  m_Component:
  - component: {fileID: 7384906437876105534}
  - component: {fileID: 614191408054989027}
  - component: {fileID: 5182390239263170638}
  m_Layer: 0
  m_Name: Stand
  m_TagString: Untagged
  m_Icon: {fileID: 0}
  m_NavMeshLayer: 0
  m_StaticEditorFlags: 0
  m_IsActive: 1
--- !u!4 &7384906437876105534
Transform:
  m_ObjectHideFlags: 0
  m_CorrespondingSourceObject: {fileID: 0}
  m_PrefabInstance: {fileID: 0}
  m_PrefabAsset: {fileID: 0}
  m_GameObject: {fileID: 3102902116382902259}
  m_LocalRotation: {x: 0, y: -0, z: -0, w: 1}
  m_LocalPosition: {x: 0.00000039910108, y: 0.047059916, z: -0.0000013968537}
  m_LocalScale: {x: 1, y: 1, z: 1}
  m_Children: []
  m_Father: {fileID: 4131806125529334755}
  m_RootOrder: 1
  m_LocalEulerAnglesHint: {x: 0, y: 0, z: 0}
--- !u!33 &614191408054989027
MeshFilter:
  m_ObjectHideFlags: 0
  m_CorrespondingSourceObject: {fileID: 0}
  m_PrefabInstance: {fileID: 0}
  m_PrefabAsset: {fileID: 0}
  m_GameObject: {fileID: 3102902116382902259}
  m_Mesh: {fileID: -9189612823058448048, guid: c07857c22c66032498dcdbc6d0fabb6a, type: 3}
--- !u!23 &5182390239263170638
MeshRenderer:
  m_ObjectHideFlags: 0
  m_CorrespondingSourceObject: {fileID: 0}
  m_PrefabInstance: {fileID: 0}
  m_PrefabAsset: {fileID: 0}
  m_GameObject: {fileID: 3102902116382902259}
  m_Enabled: 1
  m_CastShadows: 1
  m_ReceiveShadows: 1
  m_DynamicOccludee: 1
  m_MotionVectors: 1
  m_LightProbeUsage: 1
  m_ReflectionProbeUsage: 1
  m_RayTracingMode: 2
  m_RayTraceProcedural: 0
  m_RenderingLayerMask: 1
  m_RendererPriority: 0
  m_Materials:
  - {fileID: 2100000, guid: 39afb4e2adc9a5449902fd871eb784eb, type: 2}
  m_StaticBatchInfo:
    firstSubMesh: 0
    subMeshCount: 0
  m_StaticBatchRoot: {fileID: 0}
  m_ProbeAnchor: {fileID: 0}
  m_LightProbeVolumeOverride: {fileID: 0}
  m_ScaleInLightmap: 1
  m_ReceiveGI: 1
  m_PreserveUVs: 0
  m_IgnoreNormalsForChartDetection: 0
  m_ImportantGI: 0
  m_StitchLightmapSeams: 1
  m_SelectedEditorRenderState: 3
  m_MinimumChartSize: 4
  m_AutoUVMaxDistance: 0.5
  m_AutoUVMaxAngle: 89
  m_LightmapParameters: {fileID: 0}
  m_SortingLayerID: 0
  m_SortingLayer: 0
  m_SortingOrder: 0
  m_AdditionalVertexStreams: {fileID: 0}
--- !u!1 &3319203760286275169
GameObject:
  m_ObjectHideFlags: 0
  m_CorrespondingSourceObject: {fileID: 0}
  m_PrefabInstance: {fileID: 0}
  m_PrefabAsset: {fileID: 0}
  serializedVersion: 6
  m_Component:
  - component: {fileID: 9102523789926403625}
  m_Layer: 0
  m_Name: LaserLight (3)
  m_TagString: Untagged
  m_Icon: {fileID: 0}
  m_NavMeshLayer: 0
  m_StaticEditorFlags: 0
  m_IsActive: 1
--- !u!4 &9102523789926403625
Transform:
  m_ObjectHideFlags: 0
  m_CorrespondingSourceObject: {fileID: 0}
  m_PrefabInstance: {fileID: 0}
  m_PrefabAsset: {fileID: 0}
  m_GameObject: {fileID: 3319203760286275169}
  m_LocalRotation: {x: -0, y: 0.56362814, z: -0, w: 0.82602865}
  m_LocalPosition: {x: 4.67, y: 2.42, z: -5.93}
  m_LocalScale: {x: 1, y: 1, z: 1}
  m_Children:
  - {fileID: 1818848564472902562}
  - {fileID: 8210315353445020938}
  m_Father: {fileID: 5996759377739071725}
  m_RootOrder: 3
  m_LocalEulerAnglesHint: {x: 0, y: 203.614, z: 0}
--- !u!1 &3879056538043774756
GameObject:
  m_ObjectHideFlags: 0
  m_CorrespondingSourceObject: {fileID: 0}
  m_PrefabInstance: {fileID: 0}
  m_PrefabAsset: {fileID: 0}
  serializedVersion: 6
  m_Component:
  - component: {fileID: 97997165336808345}
  m_Layer: 0
  m_Name: LaserLight (1)
  m_TagString: Untagged
  m_Icon: {fileID: 0}
  m_NavMeshLayer: 0
  m_StaticEditorFlags: 0
  m_IsActive: 1
--- !u!4 &97997165336808345
Transform:
  m_ObjectHideFlags: 0
  m_CorrespondingSourceObject: {fileID: 0}
  m_PrefabInstance: {fileID: 0}
  m_PrefabAsset: {fileID: 0}
  m_GameObject: {fileID: 3879056538043774756}
  m_LocalRotation: {x: -0, y: -0.3023249, z: -0, w: 0.95320493}
  m_LocalPosition: {x: -3.910002, y: 2.42, z: -2.0600014}
  m_LocalScale: {x: 1, y: 1, z: 1}
  m_Children:
  - {fileID: 4358489664071683871}
  - {fileID: 2250221179003612698}
  m_Father: {fileID: 5996759377739071725}
  m_RootOrder: 1
  m_LocalEulerAnglesHint: {x: 0, y: 99.806, z: 0}
--- !u!1 &4159600999654519523
GameObject:
  m_ObjectHideFlags: 0
  m_CorrespondingSourceObject: {fileID: 0}
  m_PrefabInstance: {fileID: 0}
  m_PrefabAsset: {fileID: 0}
  serializedVersion: 6
  m_Component:
  - component: {fileID: 3110775574380389363}
  - component: {fileID: 6259816883843199187}
  - component: {fileID: 5848951659285146285}
  m_Layer: 0
  m_Name: Light_Ray_01
  m_TagString: Untagged
  m_Icon: {fileID: 0}
  m_NavMeshLayer: 0
  m_StaticEditorFlags: 0
  m_IsActive: 1
--- !u!4 &3110775574380389363
Transform:
  m_ObjectHideFlags: 0
  m_CorrespondingSourceObject: {fileID: 0}
  m_PrefabInstance: {fileID: 0}
  m_PrefabAsset: {fileID: 0}
  m_GameObject: {fileID: 4159600999654519523}
  m_LocalRotation: {x: -0, y: -0, z: -0, w: 1}
  m_LocalPosition: {x: 0, y: 0.24718782, z: 0}
  m_LocalScale: {x: 1, y: 1, z: 1}
  m_Children: []
  m_Father: {fileID: 1818848564472902562}
  m_RootOrder: 0
  m_LocalEulerAnglesHint: {x: 0, y: 0, z: 0}
--- !u!33 &6259816883843199187
MeshFilter:
  m_ObjectHideFlags: 0
  m_CorrespondingSourceObject: {fileID: 0}
  m_PrefabInstance: {fileID: 0}
  m_PrefabAsset: {fileID: 0}
  m_GameObject: {fileID: 4159600999654519523}
  m_Mesh: {fileID: 9064204489948789982, guid: af2b22e43f98e084f902b156504596fb, type: 3}
--- !u!23 &5848951659285146285
MeshRenderer:
  m_ObjectHideFlags: 0
  m_CorrespondingSourceObject: {fileID: 0}
  m_PrefabInstance: {fileID: 0}
  m_PrefabAsset: {fileID: 0}
  m_GameObject: {fileID: 4159600999654519523}
  m_Enabled: 1
  m_CastShadows: 1
  m_ReceiveShadows: 1
  m_DynamicOccludee: 1
  m_MotionVectors: 1
  m_LightProbeUsage: 1
  m_ReflectionProbeUsage: 1
  m_RayTracingMode: 2
  m_RayTraceProcedural: 0
  m_RenderingLayerMask: 1
  m_RendererPriority: 0
  m_Materials:
  - {fileID: 2100000, guid: 48fe48d355bb008489da952f00010f79, type: 2}
  m_StaticBatchInfo:
    firstSubMesh: 0
    subMeshCount: 0
  m_StaticBatchRoot: {fileID: 0}
  m_ProbeAnchor: {fileID: 0}
  m_LightProbeVolumeOverride: {fileID: 0}
  m_ScaleInLightmap: 1
  m_ReceiveGI: 1
  m_PreserveUVs: 0
  m_IgnoreNormalsForChartDetection: 0
  m_ImportantGI: 0
  m_StitchLightmapSeams: 1
  m_SelectedEditorRenderState: 3
  m_MinimumChartSize: 4
  m_AutoUVMaxDistance: 0.5
  m_AutoUVMaxAngle: 89
  m_LightmapParameters: {fileID: 0}
  m_SortingLayerID: 0
  m_SortingLayer: 0
  m_SortingOrder: 0
  m_AdditionalVertexStreams: {fileID: 0}
--- !u!1 &4209325106298085320
GameObject:
  m_ObjectHideFlags: 0
  m_CorrespondingSourceObject: {fileID: 0}
  m_PrefabInstance: {fileID: 0}
  m_PrefabAsset: {fileID: 0}
  serializedVersion: 6
  m_Component:
  - component: {fileID: 964209996618452416}
  - component: {fileID: 5832133743724105532}
  - component: {fileID: 8336162764752618861}
  m_Layer: 0
  m_Name: Stand
  m_TagString: Untagged
  m_Icon: {fileID: 0}
  m_NavMeshLayer: 0
  m_StaticEditorFlags: 0
  m_IsActive: 1
--- !u!4 &964209996618452416
Transform:
  m_ObjectHideFlags: 0
  m_CorrespondingSourceObject: {fileID: 0}
  m_PrefabInstance: {fileID: 0}
  m_PrefabAsset: {fileID: 0}
  m_GameObject: {fileID: 4209325106298085320}
  m_LocalRotation: {x: 0, y: -0, z: -0, w: 1}
  m_LocalPosition: {x: 0.00000039910108, y: 0.047059916, z: -0.0000013968537}
  m_LocalScale: {x: 1, y: 1, z: 1}
  m_Children: []
  m_Father: {fileID: 6546522306567716752}
  m_RootOrder: 1
  m_LocalEulerAnglesHint: {x: 0, y: 0, z: 0}
--- !u!33 &5832133743724105532
MeshFilter:
  m_ObjectHideFlags: 0
  m_CorrespondingSourceObject: {fileID: 0}
  m_PrefabInstance: {fileID: 0}
  m_PrefabAsset: {fileID: 0}
  m_GameObject: {fileID: 4209325106298085320}
  m_Mesh: {fileID: -9189612823058448048, guid: c07857c22c66032498dcdbc6d0fabb6a, type: 3}
--- !u!23 &8336162764752618861
MeshRenderer:
  m_ObjectHideFlags: 0
  m_CorrespondingSourceObject: {fileID: 0}
  m_PrefabInstance: {fileID: 0}
  m_PrefabAsset: {fileID: 0}
  m_GameObject: {fileID: 4209325106298085320}
  m_Enabled: 1
  m_CastShadows: 1
  m_ReceiveShadows: 1
  m_DynamicOccludee: 1
  m_MotionVectors: 1
  m_LightProbeUsage: 1
  m_ReflectionProbeUsage: 1
  m_RayTracingMode: 2
  m_RayTraceProcedural: 0
  m_RenderingLayerMask: 1
  m_RendererPriority: 0
  m_Materials:
  - {fileID: 2100000, guid: 39afb4e2adc9a5449902fd871eb784eb, type: 2}
  m_StaticBatchInfo:
    firstSubMesh: 0
    subMeshCount: 0
  m_StaticBatchRoot: {fileID: 0}
  m_ProbeAnchor: {fileID: 0}
  m_LightProbeVolumeOverride: {fileID: 0}
  m_ScaleInLightmap: 1
  m_ReceiveGI: 1
  m_PreserveUVs: 0
  m_IgnoreNormalsForChartDetection: 0
  m_ImportantGI: 0
  m_StitchLightmapSeams: 1
  m_SelectedEditorRenderState: 3
  m_MinimumChartSize: 4
  m_AutoUVMaxDistance: 0.5
  m_AutoUVMaxAngle: 89
  m_LightmapParameters: {fileID: 0}
  m_SortingLayerID: 0
  m_SortingLayer: 0
  m_SortingOrder: 0
  m_AdditionalVertexStreams: {fileID: 0}
--- !u!1 &4235796353148223627
GameObject:
  m_ObjectHideFlags: 0
  m_CorrespondingSourceObject: {fileID: 0}
  m_PrefabInstance: {fileID: 0}
  m_PrefabAsset: {fileID: 0}
  serializedVersion: 6
  m_Component:
  - component: {fileID: 6119823557935273268}
  - component: {fileID: 7774928367441188812}
  - component: {fileID: 283851209095521439}
  - component: {fileID: 8342550186083783609}
  m_Layer: 0
  m_Name: Base
  m_TagString: Untagged
  m_Icon: {fileID: 0}
  m_NavMeshLayer: 0
  m_StaticEditorFlags: 0
  m_IsActive: 1
--- !u!4 &6119823557935273268
Transform:
  m_ObjectHideFlags: 0
  m_CorrespondingSourceObject: {fileID: 0}
  m_PrefabInstance: {fileID: 0}
  m_PrefabAsset: {fileID: 0}
  m_GameObject: {fileID: 4235796353148223627}
  m_LocalRotation: {x: -0.40022182, y: -0.02323657, z: 0.14131947, w: 0.90515816}
  m_LocalPosition: {x: 0.00000039910108, y: 0.45981196, z: -0.0000013968537}
  m_LocalScale: {x: 1, y: 1, z: 1}
  m_Children:
  - {fileID: 62334537354826716}
  m_Father: {fileID: 4131806125529334755}
  m_RootOrder: 0
  m_LocalEulerAnglesHint: {x: -45.886, y: -12.882, z: 23.219}
--- !u!33 &7774928367441188812
MeshFilter:
  m_ObjectHideFlags: 0
  m_CorrespondingSourceObject: {fileID: 0}
  m_PrefabInstance: {fileID: 0}
  m_PrefabAsset: {fileID: 0}
  m_GameObject: {fileID: 4235796353148223627}
  m_Mesh: {fileID: 3909233067320746374, guid: c07857c22c66032498dcdbc6d0fabb6a, type: 3}
--- !u!23 &283851209095521439
MeshRenderer:
  m_ObjectHideFlags: 0
  m_CorrespondingSourceObject: {fileID: 0}
  m_PrefabInstance: {fileID: 0}
  m_PrefabAsset: {fileID: 0}
  m_GameObject: {fileID: 4235796353148223627}
  m_Enabled: 1
  m_CastShadows: 1
  m_ReceiveShadows: 1
  m_DynamicOccludee: 1
  m_MotionVectors: 1
  m_LightProbeUsage: 1
  m_ReflectionProbeUsage: 1
  m_RayTracingMode: 2
  m_RayTraceProcedural: 0
  m_RenderingLayerMask: 1
  m_RendererPriority: 0
  m_Materials:
  - {fileID: 2100000, guid: e97bac660686ccf409f1d48dbc02a17f, type: 2}
  - {fileID: 2100000, guid: 39afb4e2adc9a5449902fd871eb784eb, type: 2}
  m_StaticBatchInfo:
    firstSubMesh: 0
    subMeshCount: 0
  m_StaticBatchRoot: {fileID: 0}
  m_ProbeAnchor: {fileID: 0}
  m_LightProbeVolumeOverride: {fileID: 0}
  m_ScaleInLightmap: 1
  m_ReceiveGI: 1
  m_PreserveUVs: 0
  m_IgnoreNormalsForChartDetection: 0
  m_ImportantGI: 0
  m_StitchLightmapSeams: 1
  m_SelectedEditorRenderState: 3
  m_MinimumChartSize: 4
  m_AutoUVMaxDistance: 0.5
  m_AutoUVMaxAngle: 89
  m_LightmapParameters: {fileID: 0}
  m_SortingLayerID: 0
  m_SortingLayer: 0
  m_SortingOrder: 0
  m_AdditionalVertexStreams: {fileID: 0}
--- !u!114 &8342550186083783609
MonoBehaviour:
  m_ObjectHideFlags: 0
  m_CorrespondingSourceObject: {fileID: 0}
  m_PrefabInstance: {fileID: 0}
  m_PrefabAsset: {fileID: 0}
  m_GameObject: {fileID: 4235796353148223627}
  m_Enabled: 1
  m_EditorHideFlags: 0
  m_Script: {fileID: 11500000, guid: eb57f5a658441324ab1ab85b6c6cc8c6, type: 3}
  m_Name: 
  m_EditorClassIdentifier: 
  lightRenderer: {fileID: 5154853362277499399}
  lightColors:
  - {r: 0.8352942, g: 0.13333334, b: 0.14901961, a: 1}
  - {r: 1, g: 1, b: 1, a: 1}
  - {r: 0.3647059, g: 0.48235297, b: 1, a: 1}
  - {r: 0.8352942, g: 0.13333334, b: 0.14901961, a: 1}
  - {r: 1, g: 1, b: 1, a: 1}
  - {r: 0.3647059, g: 0.48235297, b: 1, a: 1}
--- !u!1 &4274176469081388864
GameObject:
  m_ObjectHideFlags: 0
  m_CorrespondingSourceObject: {fileID: 0}
  m_PrefabInstance: {fileID: 0}
  m_PrefabAsset: {fileID: 0}
  serializedVersion: 6
  m_Component:
  - component: {fileID: 8210315353445020938}
  - component: {fileID: 8899755891895034584}
  - component: {fileID: 5020861938970782149}
  m_Layer: 0
  m_Name: Stand
  m_TagString: Untagged
  m_Icon: {fileID: 0}
  m_NavMeshLayer: 0
  m_StaticEditorFlags: 0
  m_IsActive: 1
--- !u!4 &8210315353445020938
Transform:
  m_ObjectHideFlags: 0
  m_CorrespondingSourceObject: {fileID: 0}
  m_PrefabInstance: {fileID: 0}
  m_PrefabAsset: {fileID: 0}
  m_GameObject: {fileID: 4274176469081388864}
  m_LocalRotation: {x: 0, y: -0, z: -0, w: 1}
  m_LocalPosition: {x: 0.00000039910108, y: 0.047059916, z: -0.0000013968537}
  m_LocalScale: {x: 1, y: 1, z: 1}
  m_Children: []
  m_Father: {fileID: 9102523789926403625}
  m_RootOrder: 1
  m_LocalEulerAnglesHint: {x: 0, y: 0, z: 0}
--- !u!33 &8899755891895034584
MeshFilter:
  m_ObjectHideFlags: 0
  m_CorrespondingSourceObject: {fileID: 0}
  m_PrefabInstance: {fileID: 0}
  m_PrefabAsset: {fileID: 0}
  m_GameObject: {fileID: 4274176469081388864}
  m_Mesh: {fileID: -9189612823058448048, guid: c07857c22c66032498dcdbc6d0fabb6a, type: 3}
--- !u!23 &5020861938970782149
MeshRenderer:
  m_ObjectHideFlags: 0
  m_CorrespondingSourceObject: {fileID: 0}
  m_PrefabInstance: {fileID: 0}
  m_PrefabAsset: {fileID: 0}
  m_GameObject: {fileID: 4274176469081388864}
  m_Enabled: 1
  m_CastShadows: 1
  m_ReceiveShadows: 1
  m_DynamicOccludee: 1
  m_MotionVectors: 1
  m_LightProbeUsage: 1
  m_ReflectionProbeUsage: 1
  m_RayTracingMode: 2
  m_RayTraceProcedural: 0
  m_RenderingLayerMask: 1
  m_RendererPriority: 0
  m_Materials:
  - {fileID: 2100000, guid: 39afb4e2adc9a5449902fd871eb784eb, type: 2}
  m_StaticBatchInfo:
    firstSubMesh: 0
    subMeshCount: 0
  m_StaticBatchRoot: {fileID: 0}
  m_ProbeAnchor: {fileID: 0}
  m_LightProbeVolumeOverride: {fileID: 0}
  m_ScaleInLightmap: 1
  m_ReceiveGI: 1
  m_PreserveUVs: 0
  m_IgnoreNormalsForChartDetection: 0
  m_ImportantGI: 0
  m_StitchLightmapSeams: 1
  m_SelectedEditorRenderState: 3
  m_MinimumChartSize: 4
  m_AutoUVMaxDistance: 0.5
  m_AutoUVMaxAngle: 89
  m_LightmapParameters: {fileID: 0}
  m_SortingLayerID: 0
  m_SortingLayer: 0
  m_SortingOrder: 0
  m_AdditionalVertexStreams: {fileID: 0}
--- !u!1 &4352564688619794932
GameObject:
  m_ObjectHideFlags: 0
  m_CorrespondingSourceObject: {fileID: 0}
  m_PrefabInstance: {fileID: 0}
  m_PrefabAsset: {fileID: 0}
  serializedVersion: 6
  m_Component:
  - component: {fileID: 753795885835206605}
  - component: {fileID: 5724012458716399561}
  - component: {fileID: 3590836818228364079}
  - component: {fileID: 1550310832567066571}
  - component: {fileID: 1904105478219000193}
  m_Layer: 0
  m_Name: WinPlatform
  m_TagString: Untagged
  m_Icon: {fileID: 0}
  m_NavMeshLayer: 0
  m_StaticEditorFlags: 0
  m_IsActive: 1
--- !u!4 &753795885835206605
Transform:
  m_ObjectHideFlags: 0
  m_CorrespondingSourceObject: {fileID: 0}
  m_PrefabInstance: {fileID: 0}
  m_PrefabAsset: {fileID: 0}
  m_GameObject: {fileID: 4352564688619794932}
  m_LocalRotation: {x: -0, y: -1, z: -0, w: 0.000000029802315}
  m_LocalPosition: {x: -0.003235817, y: 4.6249685, z: 22.85654}
  m_LocalScale: {x: 10, y: 1, z: 1}
  m_Children: []
  m_Father: {fileID: 6319019385153321432}
  m_RootOrder: 1
  m_LocalEulerAnglesHint: {x: 0, y: 0, z: 0}
--- !u!33 &5724012458716399561
MeshFilter:
  m_ObjectHideFlags: 0
  m_CorrespondingSourceObject: {fileID: 0}
  m_PrefabInstance: {fileID: 0}
  m_PrefabAsset: {fileID: 0}
  m_GameObject: {fileID: 4352564688619794932}
  m_Mesh: {fileID: 10202, guid: 0000000000000000e000000000000000, type: 0}
--- !u!23 &3590836818228364079
MeshRenderer:
  m_ObjectHideFlags: 0
  m_CorrespondingSourceObject: {fileID: 0}
  m_PrefabInstance: {fileID: 0}
  m_PrefabAsset: {fileID: 0}
  m_GameObject: {fileID: 4352564688619794932}
  m_Enabled: 0
  m_CastShadows: 1
  m_ReceiveShadows: 1
  m_DynamicOccludee: 1
  m_MotionVectors: 1
  m_LightProbeUsage: 1
  m_ReflectionProbeUsage: 1
  m_RayTracingMode: 2
  m_RayTraceProcedural: 0
  m_RenderingLayerMask: 1
  m_RendererPriority: 0
  m_Materials:
  - {fileID: 2100000, guid: 31321ba15b8f8eb4c954353edc038b1d, type: 2}
  m_StaticBatchInfo:
    firstSubMesh: 0
    subMeshCount: 0
  m_StaticBatchRoot: {fileID: 0}
  m_ProbeAnchor: {fileID: 0}
  m_LightProbeVolumeOverride: {fileID: 0}
  m_ScaleInLightmap: 1
  m_ReceiveGI: 1
  m_PreserveUVs: 0
  m_IgnoreNormalsForChartDetection: 0
  m_ImportantGI: 0
  m_StitchLightmapSeams: 1
  m_SelectedEditorRenderState: 3
  m_MinimumChartSize: 4
  m_AutoUVMaxDistance: 0.5
  m_AutoUVMaxAngle: 89
  m_LightmapParameters: {fileID: 0}
  m_SortingLayerID: 0
  m_SortingLayer: 0
  m_SortingOrder: 0
  m_AdditionalVertexStreams: {fileID: 0}
--- !u!65 &1550310832567066571
BoxCollider:
  m_ObjectHideFlags: 0
  m_CorrespondingSourceObject: {fileID: 0}
  m_PrefabInstance: {fileID: 0}
  m_PrefabAsset: {fileID: 0}
  m_GameObject: {fileID: 4352564688619794932}
  m_Material: {fileID: 0}
  m_IsTrigger: 1
  m_Enabled: 1
  serializedVersion: 2
  m_Size: {x: 1, y: 1, z: 1}
  m_Center: {x: 0, y: 0, z: 0}
--- !u!114 &1904105478219000193
MonoBehaviour:
  m_ObjectHideFlags: 0
  m_CorrespondingSourceObject: {fileID: 0}
  m_PrefabInstance: {fileID: 0}
  m_PrefabAsset: {fileID: 0}
  m_GameObject: {fileID: 4352564688619794932}
  m_Enabled: 1
  m_EditorHideFlags: 0
  m_Script: {fileID: 11500000, guid: 4a0f22705d9ac9141a24129c56b2a5b6, type: 3}
  m_Name: 
  m_EditorClassIdentifier: 
  isInactive: 0
  winPanel: {fileID: 0}
  gameplayPanel: {fileID: 0}
  winConfettiList:
  - {fileID: 328770322464445097}
  - {fileID: 2571012627365738849}
--- !u!1 &4752235315346088496
GameObject:
  m_ObjectHideFlags: 0
  m_CorrespondingSourceObject: {fileID: 0}
  m_PrefabInstance: {fileID: 0}
  m_PrefabAsset: {fileID: 0}
  serializedVersion: 6
  m_Component:
  - component: {fileID: 5156779300474799394}
  - component: {fileID: 8206427812888177656}
  - component: {fileID: 1888120292230396572}
  m_Layer: 0
  m_Name: Stand
  m_TagString: Untagged
  m_Icon: {fileID: 0}
  m_NavMeshLayer: 0
  m_StaticEditorFlags: 0
  m_IsActive: 1
--- !u!4 &5156779300474799394
Transform:
  m_ObjectHideFlags: 0
  m_CorrespondingSourceObject: {fileID: 0}
  m_PrefabInstance: {fileID: 0}
  m_PrefabAsset: {fileID: 0}
  m_GameObject: {fileID: 4752235315346088496}
  m_LocalRotation: {x: 0, y: -0, z: -0, w: 1}
  m_LocalPosition: {x: 0.00000039910108, y: 0.047059916, z: -0.0000013968537}
  m_LocalScale: {x: 1, y: 1, z: 1}
  m_Children: []
  m_Father: {fileID: 2496655643371603094}
  m_RootOrder: 1
  m_LocalEulerAnglesHint: {x: 0, y: 0, z: 0}
--- !u!33 &8206427812888177656
MeshFilter:
  m_ObjectHideFlags: 0
  m_CorrespondingSourceObject: {fileID: 0}
  m_PrefabInstance: {fileID: 0}
  m_PrefabAsset: {fileID: 0}
  m_GameObject: {fileID: 4752235315346088496}
  m_Mesh: {fileID: -9189612823058448048, guid: c07857c22c66032498dcdbc6d0fabb6a, type: 3}
--- !u!23 &1888120292230396572
MeshRenderer:
  m_ObjectHideFlags: 0
  m_CorrespondingSourceObject: {fileID: 0}
  m_PrefabInstance: {fileID: 0}
  m_PrefabAsset: {fileID: 0}
  m_GameObject: {fileID: 4752235315346088496}
  m_Enabled: 1
  m_CastShadows: 1
  m_ReceiveShadows: 1
  m_DynamicOccludee: 1
  m_MotionVectors: 1
  m_LightProbeUsage: 1
  m_ReflectionProbeUsage: 1
  m_RayTracingMode: 2
  m_RayTraceProcedural: 0
  m_RenderingLayerMask: 1
  m_RendererPriority: 0
  m_Materials:
  - {fileID: 2100000, guid: 39afb4e2adc9a5449902fd871eb784eb, type: 2}
  m_StaticBatchInfo:
    firstSubMesh: 0
    subMeshCount: 0
  m_StaticBatchRoot: {fileID: 0}
  m_ProbeAnchor: {fileID: 0}
  m_LightProbeVolumeOverride: {fileID: 0}
  m_ScaleInLightmap: 1
  m_ReceiveGI: 1
  m_PreserveUVs: 0
  m_IgnoreNormalsForChartDetection: 0
  m_ImportantGI: 0
  m_StitchLightmapSeams: 1
  m_SelectedEditorRenderState: 3
  m_MinimumChartSize: 4
  m_AutoUVMaxDistance: 0.5
  m_AutoUVMaxAngle: 89
  m_LightmapParameters: {fileID: 0}
  m_SortingLayerID: 0
  m_SortingLayer: 0
  m_SortingOrder: 0
  m_AdditionalVertexStreams: {fileID: 0}
--- !u!1 &4974378564827736244
GameObject:
  m_ObjectHideFlags: 0
  m_CorrespondingSourceObject: {fileID: 0}
  m_PrefabInstance: {fileID: 0}
  m_PrefabAsset: {fileID: 0}
  serializedVersion: 6
  m_Component:
  - component: {fileID: 8613600665093066859}
  - component: {fileID: 1810554030230648159}
  - component: {fileID: 2301470171019971387}
  m_Layer: 0
  m_Name: Light_Ray_01
  m_TagString: Untagged
  m_Icon: {fileID: 0}
  m_NavMeshLayer: 0
  m_StaticEditorFlags: 0
  m_IsActive: 1
--- !u!4 &8613600665093066859
Transform:
  m_ObjectHideFlags: 0
  m_CorrespondingSourceObject: {fileID: 0}
  m_PrefabInstance: {fileID: 0}
  m_PrefabAsset: {fileID: 0}
  m_GameObject: {fileID: 4974378564827736244}
  m_LocalRotation: {x: 0, y: 0, z: 0, w: 1}
  m_LocalPosition: {x: 0, y: 0.24718782, z: 0}
  m_LocalScale: {x: 1, y: 1, z: 1}
  m_Children: []
  m_Father: {fileID: 1759652753481805759}
  m_RootOrder: 0
  m_LocalEulerAnglesHint: {x: 0, y: 0, z: 0}
--- !u!33 &1810554030230648159
MeshFilter:
  m_ObjectHideFlags: 0
  m_CorrespondingSourceObject: {fileID: 0}
  m_PrefabInstance: {fileID: 0}
  m_PrefabAsset: {fileID: 0}
  m_GameObject: {fileID: 4974378564827736244}
  m_Mesh: {fileID: 9064204489948789982, guid: af2b22e43f98e084f902b156504596fb, type: 3}
--- !u!23 &2301470171019971387
MeshRenderer:
  m_ObjectHideFlags: 0
  m_CorrespondingSourceObject: {fileID: 0}
  m_PrefabInstance: {fileID: 0}
  m_PrefabAsset: {fileID: 0}
  m_GameObject: {fileID: 4974378564827736244}
  m_Enabled: 1
  m_CastShadows: 1
  m_ReceiveShadows: 1
  m_DynamicOccludee: 1
  m_MotionVectors: 1
  m_LightProbeUsage: 1
  m_ReflectionProbeUsage: 1
  m_RayTracingMode: 2
  m_RayTraceProcedural: 0
  m_RenderingLayerMask: 1
  m_RendererPriority: 0
  m_Materials:
  - {fileID: 2100000, guid: 48fe48d355bb008489da952f00010f79, type: 2}
  m_StaticBatchInfo:
    firstSubMesh: 0
    subMeshCount: 0
  m_StaticBatchRoot: {fileID: 0}
  m_ProbeAnchor: {fileID: 0}
  m_LightProbeVolumeOverride: {fileID: 0}
  m_ScaleInLightmap: 1
  m_ReceiveGI: 1
  m_PreserveUVs: 0
  m_IgnoreNormalsForChartDetection: 0
  m_ImportantGI: 0
  m_StitchLightmapSeams: 1
  m_SelectedEditorRenderState: 3
  m_MinimumChartSize: 4
  m_AutoUVMaxDistance: 0.5
  m_AutoUVMaxAngle: 89
  m_LightmapParameters: {fileID: 0}
  m_SortingLayerID: 0
  m_SortingLayer: 0
  m_SortingOrder: 0
  m_AdditionalVertexStreams: {fileID: 0}
--- !u!1 &5406548774199078382
GameObject:
  m_ObjectHideFlags: 0
  m_CorrespondingSourceObject: {fileID: 0}
  m_PrefabInstance: {fileID: 0}
  m_PrefabAsset: {fileID: 0}
  serializedVersion: 6
  m_Component:
  - component: {fileID: 1759652753481805759}
  - component: {fileID: 6373959932236432191}
  - component: {fileID: 9111068187733255763}
  - component: {fileID: 7485328884643190661}
  m_Layer: 0
  m_Name: Base
  m_TagString: Untagged
  m_Icon: {fileID: 0}
  m_NavMeshLayer: 0
  m_StaticEditorFlags: 0
  m_IsActive: 1
--- !u!4 &1759652753481805759
Transform:
  m_ObjectHideFlags: 0
  m_CorrespondingSourceObject: {fileID: 0}
  m_PrefabInstance: {fileID: 0}
  m_PrefabAsset: {fileID: 0}
  m_GameObject: {fileID: 5406548774199078382}
  m_LocalRotation: {x: -0.43943852, y: 0.012608213, z: -0.07571581, w: 0.89498717}
  m_LocalPosition: {x: 0.00000039910108, y: 0.45981196, z: -0.0000013968537}
  m_LocalScale: {x: 1, y: 1, z: 1}
  m_Children:
  - {fileID: 8613600665093066859}
  m_Father: {fileID: 2496655643371603094}
  m_RootOrder: 0
  m_LocalEulerAnglesHint: {x: -51.691, y: 8.265, z: -13.68}
--- !u!33 &6373959932236432191
MeshFilter:
  m_ObjectHideFlags: 0
  m_CorrespondingSourceObject: {fileID: 0}
  m_PrefabInstance: {fileID: 0}
  m_PrefabAsset: {fileID: 0}
  m_GameObject: {fileID: 5406548774199078382}
  m_Mesh: {fileID: 3909233067320746374, guid: c07857c22c66032498dcdbc6d0fabb6a, type: 3}
--- !u!23 &9111068187733255763
MeshRenderer:
  m_ObjectHideFlags: 0
  m_CorrespondingSourceObject: {fileID: 0}
  m_PrefabInstance: {fileID: 0}
  m_PrefabAsset: {fileID: 0}
  m_GameObject: {fileID: 5406548774199078382}
  m_Enabled: 1
  m_CastShadows: 1
  m_ReceiveShadows: 1
  m_DynamicOccludee: 1
  m_MotionVectors: 1
  m_LightProbeUsage: 1
  m_ReflectionProbeUsage: 1
  m_RayTracingMode: 2
  m_RayTraceProcedural: 0
  m_RenderingLayerMask: 1
  m_RendererPriority: 0
  m_Materials:
  - {fileID: 2100000, guid: e97bac660686ccf409f1d48dbc02a17f, type: 2}
  - {fileID: 2100000, guid: 39afb4e2adc9a5449902fd871eb784eb, type: 2}
  m_StaticBatchInfo:
    firstSubMesh: 0
    subMeshCount: 0
  m_StaticBatchRoot: {fileID: 0}
  m_ProbeAnchor: {fileID: 0}
  m_LightProbeVolumeOverride: {fileID: 0}
  m_ScaleInLightmap: 1
  m_ReceiveGI: 1
  m_PreserveUVs: 0
  m_IgnoreNormalsForChartDetection: 0
  m_ImportantGI: 0
  m_StitchLightmapSeams: 1
  m_SelectedEditorRenderState: 3
  m_MinimumChartSize: 4
  m_AutoUVMaxDistance: 0.5
  m_AutoUVMaxAngle: 89
  m_LightmapParameters: {fileID: 0}
  m_SortingLayerID: 0
  m_SortingLayer: 0
  m_SortingOrder: 0
  m_AdditionalVertexStreams: {fileID: 0}
--- !u!114 &7485328884643190661
MonoBehaviour:
  m_ObjectHideFlags: 0
  m_CorrespondingSourceObject: {fileID: 0}
  m_PrefabInstance: {fileID: 0}
  m_PrefabAsset: {fileID: 0}
  m_GameObject: {fileID: 5406548774199078382}
  m_Enabled: 1
  m_EditorHideFlags: 0
  m_Script: {fileID: 11500000, guid: eb57f5a658441324ab1ab85b6c6cc8c6, type: 3}
  m_Name: 
  m_EditorClassIdentifier: 
  lightRenderer: {fileID: 2301470171019971387}
  lightColors:
  - {r: 0.8352942, g: 0.13333334, b: 0.14901961, a: 1}
  - {r: 1, g: 1, b: 1, a: 1}
  - {r: 0, g: 0.18518543, b: 1, a: 1}
  - {r: 0.8352942, g: 0.13333334, b: 0.14901961, a: 1}
  - {r: 1, g: 1, b: 1, a: 1}
  - {r: 0, g: 0.18431373, b: 1, a: 1}
--- !u!1 &5934470659639073376
GameObject:
  m_ObjectHideFlags: 0
  m_CorrespondingSourceObject: {fileID: 0}
  m_PrefabInstance: {fileID: 0}
  m_PrefabAsset: {fileID: 0}
  serializedVersion: 6
  m_Component:
  - component: {fileID: 1818848564472902562}
  - component: {fileID: 8048502838224933943}
  - component: {fileID: 3320003105995479412}
  - component: {fileID: 8861719828557983476}
  m_Layer: 0
  m_Name: Base
  m_TagString: Untagged
  m_Icon: {fileID: 0}
  m_NavMeshLayer: 0
  m_StaticEditorFlags: 0
  m_IsActive: 1
--- !u!4 &1818848564472902562
Transform:
  m_ObjectHideFlags: 0
  m_CorrespondingSourceObject: {fileID: 0}
  m_PrefabInstance: {fileID: 0}
  m_PrefabAsset: {fileID: 0}
  m_GameObject: {fileID: 5934470659639073376}
  m_LocalRotation: {x: -0.47404814, y: 0.02332964, z: -0.14009921, w: 0.86896855}
  m_LocalPosition: {x: 0.00000039910108, y: 0.45981196, z: -0.0000013968537}
  m_LocalScale: {x: 1, y: 1, z: 1}
  m_Children:
  - {fileID: 3110775574380389363}
  m_Father: {fileID: 9102523789926403625}
  m_RootOrder: 0
  m_LocalEulerAnglesHint: {x: -54.818, y: 17.512, z: -27.45}
--- !u!33 &8048502838224933943
MeshFilter:
  m_ObjectHideFlags: 0
  m_CorrespondingSourceObject: {fileID: 0}
  m_PrefabInstance: {fileID: 0}
  m_PrefabAsset: {fileID: 0}
  m_GameObject: {fileID: 5934470659639073376}
  m_Mesh: {fileID: 3909233067320746374, guid: c07857c22c66032498dcdbc6d0fabb6a, type: 3}
--- !u!23 &3320003105995479412
MeshRenderer:
  m_ObjectHideFlags: 0
  m_CorrespondingSourceObject: {fileID: 0}
  m_PrefabInstance: {fileID: 0}
  m_PrefabAsset: {fileID: 0}
  m_GameObject: {fileID: 5934470659639073376}
  m_Enabled: 1
  m_CastShadows: 1
  m_ReceiveShadows: 1
  m_DynamicOccludee: 1
  m_MotionVectors: 1
  m_LightProbeUsage: 1
  m_ReflectionProbeUsage: 1
  m_RayTracingMode: 2
  m_RayTraceProcedural: 0
  m_RenderingLayerMask: 1
  m_RendererPriority: 0
  m_Materials:
  - {fileID: 2100000, guid: e97bac660686ccf409f1d48dbc02a17f, type: 2}
  - {fileID: 2100000, guid: 39afb4e2adc9a5449902fd871eb784eb, type: 2}
  m_StaticBatchInfo:
    firstSubMesh: 0
    subMeshCount: 0
  m_StaticBatchRoot: {fileID: 0}
  m_ProbeAnchor: {fileID: 0}
  m_LightProbeVolumeOverride: {fileID: 0}
  m_ScaleInLightmap: 1
  m_ReceiveGI: 1
  m_PreserveUVs: 0
  m_IgnoreNormalsForChartDetection: 0
  m_ImportantGI: 0
  m_StitchLightmapSeams: 1
  m_SelectedEditorRenderState: 3
  m_MinimumChartSize: 4
  m_AutoUVMaxDistance: 0.5
  m_AutoUVMaxAngle: 89
  m_LightmapParameters: {fileID: 0}
  m_SortingLayerID: 0
  m_SortingLayer: 0
  m_SortingOrder: 0
  m_AdditionalVertexStreams: {fileID: 0}
--- !u!114 &8861719828557983476
MonoBehaviour:
  m_ObjectHideFlags: 0
  m_CorrespondingSourceObject: {fileID: 0}
  m_PrefabInstance: {fileID: 0}
  m_PrefabAsset: {fileID: 0}
  m_GameObject: {fileID: 5934470659639073376}
  m_Enabled: 1
  m_EditorHideFlags: 0
  m_Script: {fileID: 11500000, guid: eb57f5a658441324ab1ab85b6c6cc8c6, type: 3}
  m_Name: 
  m_EditorClassIdentifier: 
  lightRenderer: {fileID: 5848951659285146285}
  lightColors:
  - {r: 0.8352942, g: 0.13333334, b: 0.14901961, a: 1}
  - {r: 1, g: 1, b: 1, a: 1}
  - {r: 0.3647059, g: 0.48235297, b: 1, a: 1}
  - {r: 0.8352942, g: 0.13333334, b: 0.14901961, a: 1}
  - {r: 1, g: 1, b: 1, a: 1}
  - {r: 0.3647059, g: 0.48235297, b: 1, a: 1}
--- !u!1 &5988786832172255145
GameObject:
  m_ObjectHideFlags: 0
  m_CorrespondingSourceObject: {fileID: 0}
  m_PrefabInstance: {fileID: 0}
  m_PrefabAsset: {fileID: 0}
  serializedVersion: 6
  m_Component:
  - component: {fileID: 5996759377739071725}
  m_Layer: 0
  m_Name: Light
  m_TagString: Untagged
  m_Icon: {fileID: 0}
  m_NavMeshLayer: 0
  m_StaticEditorFlags: 0
  m_IsActive: 1
--- !u!4 &5996759377739071725
Transform:
  m_ObjectHideFlags: 0
  m_CorrespondingSourceObject: {fileID: 0}
  m_PrefabInstance: {fileID: 0}
  m_PrefabAsset: {fileID: 0}
  m_GameObject: {fileID: 5988786832172255145}
  m_LocalRotation: {x: -0, y: 1, z: -0, w: 0}
  m_LocalPosition: {x: -7.86, y: -2.41, z: -19.76}
  m_LocalScale: {x: 1, y: 1, z: 1}
  m_Children:
  - {fileID: 4131806125529334755}
  - {fileID: 97997165336808345}
  - {fileID: 6546522306567716752}
  - {fileID: 9102523789926403625}
  - {fileID: 8804041376161536118}
  - {fileID: 2496655643371603094}
  m_Father: {fileID: 5756267843889927951}
  m_RootOrder: 6
  m_LocalEulerAnglesHint: {x: 0, y: 0, z: 0}
--- !u!1 &6231666200472393564
GameObject:
  m_ObjectHideFlags: 0
  m_CorrespondingSourceObject: {fileID: 0}
  m_PrefabInstance: {fileID: 0}
  m_PrefabAsset: {fileID: 0}
  serializedVersion: 6
  m_Component:
  - component: {fileID: 5216387938984391177}
  - component: {fileID: 8262294555562221610}
  - component: {fileID: 1785608275017672227}
  m_Layer: 0
  m_Name: Stand
  m_TagString: Untagged
  m_Icon: {fileID: 0}
  m_NavMeshLayer: 0
  m_StaticEditorFlags: 0
  m_IsActive: 1
--- !u!4 &5216387938984391177
Transform:
  m_ObjectHideFlags: 0
  m_CorrespondingSourceObject: {fileID: 0}
  m_PrefabInstance: {fileID: 0}
  m_PrefabAsset: {fileID: 0}
  m_GameObject: {fileID: 6231666200472393564}
  m_LocalRotation: {x: 0, y: -0, z: -0, w: 1}
  m_LocalPosition: {x: 0.00000039910108, y: 0.047059916, z: -0.0000013968537}
  m_LocalScale: {x: 1, y: 1, z: 1}
  m_Children: []
  m_Father: {fileID: 8804041376161536118}
  m_RootOrder: 1
  m_LocalEulerAnglesHint: {x: 0, y: 0, z: 0}
--- !u!33 &8262294555562221610
MeshFilter:
  m_ObjectHideFlags: 0
  m_CorrespondingSourceObject: {fileID: 0}
  m_PrefabInstance: {fileID: 0}
  m_PrefabAsset: {fileID: 0}
  m_GameObject: {fileID: 6231666200472393564}
  m_Mesh: {fileID: -9189612823058448048, guid: c07857c22c66032498dcdbc6d0fabb6a, type: 3}
--- !u!23 &1785608275017672227
MeshRenderer:
  m_ObjectHideFlags: 0
  m_CorrespondingSourceObject: {fileID: 0}
  m_PrefabInstance: {fileID: 0}
  m_PrefabAsset: {fileID: 0}
  m_GameObject: {fileID: 6231666200472393564}
  m_Enabled: 1
  m_CastShadows: 1
  m_ReceiveShadows: 1
  m_DynamicOccludee: 1
  m_MotionVectors: 1
  m_LightProbeUsage: 1
  m_ReflectionProbeUsage: 1
  m_RayTracingMode: 2
  m_RayTraceProcedural: 0
  m_RenderingLayerMask: 1
  m_RendererPriority: 0
  m_Materials:
  - {fileID: 2100000, guid: 39afb4e2adc9a5449902fd871eb784eb, type: 2}
  m_StaticBatchInfo:
    firstSubMesh: 0
    subMeshCount: 0
  m_StaticBatchRoot: {fileID: 0}
  m_ProbeAnchor: {fileID: 0}
  m_LightProbeVolumeOverride: {fileID: 0}
  m_ScaleInLightmap: 1
  m_ReceiveGI: 1
  m_PreserveUVs: 0
  m_IgnoreNormalsForChartDetection: 0
  m_ImportantGI: 0
  m_StitchLightmapSeams: 1
  m_SelectedEditorRenderState: 3
  m_MinimumChartSize: 4
  m_AutoUVMaxDistance: 0.5
  m_AutoUVMaxAngle: 89
  m_LightmapParameters: {fileID: 0}
  m_SortingLayerID: 0
  m_SortingLayer: 0
  m_SortingOrder: 0
  m_AdditionalVertexStreams: {fileID: 0}
--- !u!1 &6267771897184446485
GameObject:
  m_ObjectHideFlags: 0
  m_CorrespondingSourceObject: {fileID: 0}
  m_PrefabInstance: {fileID: 0}
  m_PrefabAsset: {fileID: 0}
  serializedVersion: 6
  m_Component:
  - component: {fileID: 37219454690779297}
  - component: {fileID: 190855492186984901}
  - component: {fileID: 3008526519490383959}
  m_Layer: 0
  m_Name: Light_Ray_01
  m_TagString: Untagged
  m_Icon: {fileID: 0}
  m_NavMeshLayer: 0
  m_StaticEditorFlags: 0
  m_IsActive: 1
--- !u!4 &37219454690779297
Transform:
  m_ObjectHideFlags: 0
  m_CorrespondingSourceObject: {fileID: 0}
  m_PrefabInstance: {fileID: 0}
  m_PrefabAsset: {fileID: 0}
  m_GameObject: {fileID: 6267771897184446485}
  m_LocalRotation: {x: -0, y: -0, z: -0, w: 1}
  m_LocalPosition: {x: 0, y: 0.24718782, z: 0}
  m_LocalScale: {x: 1, y: 1, z: 1}
  m_Children: []
  m_Father: {fileID: 3185831478446313546}
  m_RootOrder: 0
  m_LocalEulerAnglesHint: {x: 0, y: 0, z: 0}
--- !u!33 &190855492186984901
MeshFilter:
  m_ObjectHideFlags: 0
  m_CorrespondingSourceObject: {fileID: 0}
  m_PrefabInstance: {fileID: 0}
  m_PrefabAsset: {fileID: 0}
  m_GameObject: {fileID: 6267771897184446485}
  m_Mesh: {fileID: 9064204489948789982, guid: af2b22e43f98e084f902b156504596fb, type: 3}
--- !u!23 &3008526519490383959
MeshRenderer:
  m_ObjectHideFlags: 0
  m_CorrespondingSourceObject: {fileID: 0}
  m_PrefabInstance: {fileID: 0}
  m_PrefabAsset: {fileID: 0}
  m_GameObject: {fileID: 6267771897184446485}
  m_Enabled: 1
  m_CastShadows: 1
  m_ReceiveShadows: 1
  m_DynamicOccludee: 1
  m_MotionVectors: 1
  m_LightProbeUsage: 1
  m_ReflectionProbeUsage: 1
  m_RayTracingMode: 2
  m_RayTraceProcedural: 0
  m_RenderingLayerMask: 1
  m_RendererPriority: 0
  m_Materials:
  - {fileID: 2100000, guid: 48fe48d355bb008489da952f00010f79, type: 2}
  m_StaticBatchInfo:
    firstSubMesh: 0
    subMeshCount: 0
  m_StaticBatchRoot: {fileID: 0}
  m_ProbeAnchor: {fileID: 0}
  m_LightProbeVolumeOverride: {fileID: 0}
  m_ScaleInLightmap: 1
  m_ReceiveGI: 1
  m_PreserveUVs: 0
  m_IgnoreNormalsForChartDetection: 0
  m_ImportantGI: 0
  m_StitchLightmapSeams: 1
  m_SelectedEditorRenderState: 3
  m_MinimumChartSize: 4
  m_AutoUVMaxDistance: 0.5
  m_AutoUVMaxAngle: 89
  m_LightmapParameters: {fileID: 0}
  m_SortingLayerID: 0
  m_SortingLayer: 0
  m_SortingOrder: 0
  m_AdditionalVertexStreams: {fileID: 0}
--- !u!1 &6329350686387123934
GameObject:
  m_ObjectHideFlags: 0
  m_CorrespondingSourceObject: {fileID: 0}
  m_PrefabInstance: {fileID: 0}
  m_PrefabAsset: {fileID: 0}
  serializedVersion: 6
  m_Component:
  - component: {fileID: 3185831478446313546}
  - component: {fileID: 5279931765856146316}
  - component: {fileID: 9207750420198102208}
  - component: {fileID: 1639928919816139333}
  m_Layer: 0
  m_Name: Base
  m_TagString: Untagged
  m_Icon: {fileID: 0}
  m_NavMeshLayer: 0
  m_StaticEditorFlags: 0
  m_IsActive: 1
--- !u!4 &3185831478446313546
Transform:
  m_ObjectHideFlags: 0
  m_CorrespondingSourceObject: {fileID: 0}
  m_PrefabInstance: {fileID: 0}
  m_PrefabAsset: {fileID: 0}
  m_GameObject: {fileID: 6329350686387123934}
  m_LocalRotation: {x: -0.42818168, y: -0.01707017, z: 0.1025039, w: 0.89769816}
  m_LocalPosition: {x: 0.00000039910108, y: 0.45981196, z: -0.0000013968537}
  m_LocalScale: {x: 1, y: 1, z: 1}
  m_Children:
  - {fileID: 37219454690779297}
  m_Father: {fileID: 8804041376161536118}
  m_RootOrder: 0
  m_LocalEulerAnglesHint: {x: -49.93, y: -10.601, z: 17.975}
--- !u!33 &5279931765856146316
MeshFilter:
  m_ObjectHideFlags: 0
  m_CorrespondingSourceObject: {fileID: 0}
  m_PrefabInstance: {fileID: 0}
  m_PrefabAsset: {fileID: 0}
  m_GameObject: {fileID: 6329350686387123934}
  m_Mesh: {fileID: 3909233067320746374, guid: c07857c22c66032498dcdbc6d0fabb6a, type: 3}
--- !u!23 &9207750420198102208
MeshRenderer:
  m_ObjectHideFlags: 0
  m_CorrespondingSourceObject: {fileID: 0}
  m_PrefabInstance: {fileID: 0}
  m_PrefabAsset: {fileID: 0}
  m_GameObject: {fileID: 6329350686387123934}
  m_Enabled: 1
  m_CastShadows: 1
  m_ReceiveShadows: 1
  m_DynamicOccludee: 1
  m_MotionVectors: 1
  m_LightProbeUsage: 1
  m_ReflectionProbeUsage: 1
  m_RayTracingMode: 2
  m_RayTraceProcedural: 0
  m_RenderingLayerMask: 1
  m_RendererPriority: 0
  m_Materials:
  - {fileID: 2100000, guid: e97bac660686ccf409f1d48dbc02a17f, type: 2}
  - {fileID: 2100000, guid: 39afb4e2adc9a5449902fd871eb784eb, type: 2}
  m_StaticBatchInfo:
    firstSubMesh: 0
    subMeshCount: 0
  m_StaticBatchRoot: {fileID: 0}
  m_ProbeAnchor: {fileID: 0}
  m_LightProbeVolumeOverride: {fileID: 0}
  m_ScaleInLightmap: 1
  m_ReceiveGI: 1
  m_PreserveUVs: 0
  m_IgnoreNormalsForChartDetection: 0
  m_ImportantGI: 0
  m_StitchLightmapSeams: 1
  m_SelectedEditorRenderState: 3
  m_MinimumChartSize: 4
  m_AutoUVMaxDistance: 0.5
  m_AutoUVMaxAngle: 89
  m_LightmapParameters: {fileID: 0}
  m_SortingLayerID: 0
  m_SortingLayer: 0
  m_SortingOrder: 0
  m_AdditionalVertexStreams: {fileID: 0}
--- !u!114 &1639928919816139333
MonoBehaviour:
  m_ObjectHideFlags: 0
  m_CorrespondingSourceObject: {fileID: 0}
  m_PrefabInstance: {fileID: 0}
  m_PrefabAsset: {fileID: 0}
  m_GameObject: {fileID: 6329350686387123934}
  m_Enabled: 1
  m_EditorHideFlags: 0
  m_Script: {fileID: 11500000, guid: eb57f5a658441324ab1ab85b6c6cc8c6, type: 3}
  m_Name: 
  m_EditorClassIdentifier: 
  lightRenderer: {fileID: 3008526519490383959}
  lightColors:
  - {r: 0.8352942, g: 0.13333334, b: 0.14901961, a: 1}
  - {r: 1, g: 1, b: 1, a: 1}
  - {r: 0.3647059, g: 0.48235297, b: 1, a: 1}
  - {r: 0.8352942, g: 0.13333334, b: 0.14901961, a: 1}
  - {r: 1, g: 1, b: 1, a: 1}
  - {r: 0.3647059, g: 0.48235297, b: 1, a: 1}
--- !u!64 &4666486265928935409
MeshCollider:
  m_ObjectHideFlags: 0
  m_CorrespondingSourceObject: {fileID: 0}
  m_PrefabInstance: {fileID: 0}
  m_PrefabAsset: {fileID: 0}
  m_GameObject: {fileID: 6396657230494864458}
  m_Material: {fileID: 0}
  m_IsTrigger: 0
  m_Enabled: 1
  serializedVersion: 4
  m_Convex: 0
  m_CookingOptions: 30
  m_Mesh: {fileID: 5909771305601579947, guid: 619479c402f97034a81a4b9a9b121206, type: 3}
--- !u!1 &6433198735538946092
GameObject:
  m_ObjectHideFlags: 0
  m_CorrespondingSourceObject: {fileID: 0}
  m_PrefabInstance: {fileID: 0}
  m_PrefabAsset: {fileID: 0}
  serializedVersion: 6
  m_Component:
  - component: {fileID: 7088510614703584111}
  - component: {fileID: 852613553119340799}
  - component: {fileID: 6521814956116939929}
  m_Layer: 0
  m_Name: Light_Ray_01
  m_TagString: Untagged
  m_Icon: {fileID: 0}
  m_NavMeshLayer: 0
  m_StaticEditorFlags: 0
  m_IsActive: 1
--- !u!4 &7088510614703584111
Transform:
  m_ObjectHideFlags: 0
  m_CorrespondingSourceObject: {fileID: 0}
  m_PrefabInstance: {fileID: 0}
  m_PrefabAsset: {fileID: 0}
  m_GameObject: {fileID: 6433198735538946092}
  m_LocalRotation: {x: -0, y: -0, z: -0, w: 1}
  m_LocalPosition: {x: 0, y: 0.24718782, z: 0}
  m_LocalScale: {x: 1, y: 1, z: 1}
  m_Children: []
  m_Father: {fileID: 5667063130765496148}
  m_RootOrder: 0
  m_LocalEulerAnglesHint: {x: 0, y: 0, z: 0}
--- !u!33 &852613553119340799
MeshFilter:
  m_ObjectHideFlags: 0
  m_CorrespondingSourceObject: {fileID: 0}
  m_PrefabInstance: {fileID: 0}
  m_PrefabAsset: {fileID: 0}
  m_GameObject: {fileID: 6433198735538946092}
  m_Mesh: {fileID: 9064204489948789982, guid: af2b22e43f98e084f902b156504596fb, type: 3}
--- !u!23 &6521814956116939929
MeshRenderer:
  m_ObjectHideFlags: 0
  m_CorrespondingSourceObject: {fileID: 0}
  m_PrefabInstance: {fileID: 0}
  m_PrefabAsset: {fileID: 0}
  m_GameObject: {fileID: 6433198735538946092}
  m_Enabled: 1
  m_CastShadows: 1
  m_ReceiveShadows: 1
  m_DynamicOccludee: 1
  m_MotionVectors: 1
  m_LightProbeUsage: 1
  m_ReflectionProbeUsage: 1
  m_RayTracingMode: 2
  m_RayTraceProcedural: 0
  m_RenderingLayerMask: 1
  m_RendererPriority: 0
  m_Materials:
  - {fileID: 2100000, guid: 48fe48d355bb008489da952f00010f79, type: 2}
  m_StaticBatchInfo:
    firstSubMesh: 0
    subMeshCount: 0
  m_StaticBatchRoot: {fileID: 0}
  m_ProbeAnchor: {fileID: 0}
  m_LightProbeVolumeOverride: {fileID: 0}
  m_ScaleInLightmap: 1
  m_ReceiveGI: 1
  m_PreserveUVs: 0
  m_IgnoreNormalsForChartDetection: 0
  m_ImportantGI: 0
  m_StitchLightmapSeams: 1
  m_SelectedEditorRenderState: 3
  m_MinimumChartSize: 4
  m_AutoUVMaxDistance: 0.5
  m_AutoUVMaxAngle: 89
  m_LightmapParameters: {fileID: 0}
  m_SortingLayerID: 0
  m_SortingLayer: 0
  m_SortingOrder: 0
  m_AdditionalVertexStreams: {fileID: 0}
--- !u!1 &6736415138456280286
GameObject:
  m_ObjectHideFlags: 0
  m_CorrespondingSourceObject: {fileID: 0}
  m_PrefabInstance: {fileID: 0}
  m_PrefabAsset: {fileID: 0}
  serializedVersion: 6
  m_Component:
  - component: {fileID: 2496655643371603094}
  m_Layer: 0
  m_Name: LaserLight (5)
  m_TagString: Untagged
  m_Icon: {fileID: 0}
  m_NavMeshLayer: 0
  m_StaticEditorFlags: 0
  m_IsActive: 1
--- !u!4 &2496655643371603094
Transform:
  m_ObjectHideFlags: 0
  m_CorrespondingSourceObject: {fileID: 0}
  m_PrefabInstance: {fileID: 0}
  m_PrefabAsset: {fileID: 0}
  m_GameObject: {fileID: 6736415138456280286}
  m_LocalRotation: {x: -0, y: -0.96592677, z: -0, w: -0.2588158}
  m_LocalPosition: {x: 0.57000065, y: 2.42, z: -12.76}
  m_LocalScale: {x: 1, y: 1, z: 1}
  m_Children:
  - {fileID: 1759652753481805759}
  - {fileID: 5156779300474799394}
  m_Father: {fileID: 5996759377739071725}
  m_RootOrder: 5
  m_LocalEulerAnglesHint: {x: 0, y: -75, z: 0}
--- !u!1 &7929825555716978360
GameObject:
  m_ObjectHideFlags: 0
  m_CorrespondingSourceObject: {fileID: 0}
  m_PrefabInstance: {fileID: 0}
  m_PrefabAsset: {fileID: 0}
  serializedVersion: 6
  m_Component:
  - component: {fileID: 4131806125529334755}
  m_Layer: 0
  m_Name: LaserLight
  m_TagString: Untagged
  m_Icon: {fileID: 0}
  m_NavMeshLayer: 0
  m_StaticEditorFlags: 0
  m_IsActive: 1
--- !u!4 &4131806125529334755
Transform:
  m_ObjectHideFlags: 0
  m_CorrespondingSourceObject: {fileID: 0}
  m_PrefabInstance: {fileID: 0}
  m_PrefabAsset: {fileID: 0}
  m_GameObject: {fileID: 7929825555716978360}
  m_LocalRotation: {x: -0, y: -0.6087605, z: -0, w: 0.79335415}
  m_LocalPosition: {x: -6.829999, y: 2.42, z: -5.3599997}
  m_LocalScale: {x: 1, y: 1, z: 1}
  m_Children:
  - {fileID: 6119823557935273268}
  - {fileID: 7384906437876105534}
  m_Father: {fileID: 5996759377739071725}
  m_RootOrder: 0
  m_LocalEulerAnglesHint: {x: 0, y: -120, z: 0}
--- !u!1001 &2012510025591526554
PrefabInstance:
  m_ObjectHideFlags: 0
  serializedVersion: 2
  m_Modification:
    m_TransformParent: {fileID: 6319019385153321432}
    m_Modifications:
    - target: {fileID: 267618708412479335, guid: ab422d751e8e7d54ca3b26f2d46e3124, type: 3}
      propertyPath: m_RootOrder
      value: 3
      objectReference: {fileID: 0}
    - target: {fileID: 267618708412479335, guid: ab422d751e8e7d54ca3b26f2d46e3124, type: 3}
      propertyPath: m_LocalPosition.x
      value: -1.59
      objectReference: {fileID: 0}
    - target: {fileID: 267618708412479335, guid: ab422d751e8e7d54ca3b26f2d46e3124, type: 3}
      propertyPath: m_LocalPosition.y
      value: 5.05
      objectReference: {fileID: 0}
    - target: {fileID: 267618708412479335, guid: ab422d751e8e7d54ca3b26f2d46e3124, type: 3}
      propertyPath: m_LocalPosition.z
      value: 33.87
      objectReference: {fileID: 0}
    - target: {fileID: 267618708412479335, guid: ab422d751e8e7d54ca3b26f2d46e3124, type: 3}
      propertyPath: m_LocalRotation.w
      value: 0.92387986
      objectReference: {fileID: 0}
    - target: {fileID: 267618708412479335, guid: ab422d751e8e7d54ca3b26f2d46e3124, type: 3}
      propertyPath: m_LocalRotation.x
      value: -0
      objectReference: {fileID: 0}
    - target: {fileID: 267618708412479335, guid: ab422d751e8e7d54ca3b26f2d46e3124, type: 3}
      propertyPath: m_LocalRotation.y
      value: -0.3826828
      objectReference: {fileID: 0}
    - target: {fileID: 267618708412479335, guid: ab422d751e8e7d54ca3b26f2d46e3124, type: 3}
      propertyPath: m_LocalRotation.z
      value: -0
      objectReference: {fileID: 0}
    - target: {fileID: 267618708412479335, guid: ab422d751e8e7d54ca3b26f2d46e3124, type: 3}
      propertyPath: m_LocalEulerAnglesHint.x
      value: 0
      objectReference: {fileID: 0}
    - target: {fileID: 267618708412479335, guid: ab422d751e8e7d54ca3b26f2d46e3124, type: 3}
      propertyPath: m_LocalEulerAnglesHint.y
      value: 0
      objectReference: {fileID: 0}
    - target: {fileID: 267618708412479335, guid: ab422d751e8e7d54ca3b26f2d46e3124, type: 3}
      propertyPath: m_LocalEulerAnglesHint.z
      value: 0
      objectReference: {fileID: 0}
    - target: {fileID: 4054309937221086715, guid: ab422d751e8e7d54ca3b26f2d46e3124, type: 3}
      propertyPath: m_Name
      value: Win (1)
      objectReference: {fileID: 0}
    - target: {fileID: 4054309937221086715, guid: ab422d751e8e7d54ca3b26f2d46e3124, type: 3}
      propertyPath: m_IsActive
      value: 0
      objectReference: {fileID: 0}
    m_RemovedComponents: []
  m_SourcePrefab: {fileID: 100100000, guid: ab422d751e8e7d54ca3b26f2d46e3124, type: 3}
--- !u!1 &2571012627365738849 stripped
GameObject:
  m_CorrespondingSourceObject: {fileID: 4054309937221086715, guid: ab422d751e8e7d54ca3b26f2d46e3124, type: 3}
  m_PrefabInstance: {fileID: 2012510025591526554}
  m_PrefabAsset: {fileID: 0}
--- !u!1001 &4383070842931199826
PrefabInstance:
  m_ObjectHideFlags: 0
  serializedVersion: 2
  m_Modification:
    m_TransformParent: {fileID: 6319019385153321432}
    m_Modifications:
    - target: {fileID: 267618708412479335, guid: ab422d751e8e7d54ca3b26f2d46e3124, type: 3}
      propertyPath: m_RootOrder
      value: 2
      objectReference: {fileID: 0}
    - target: {fileID: 267618708412479335, guid: ab422d751e8e7d54ca3b26f2d46e3124, type: 3}
      propertyPath: m_LocalPosition.x
      value: 1.9
      objectReference: {fileID: 0}
    - target: {fileID: 267618708412479335, guid: ab422d751e8e7d54ca3b26f2d46e3124, type: 3}
      propertyPath: m_LocalPosition.y
      value: 5.05
      objectReference: {fileID: 0}
    - target: {fileID: 267618708412479335, guid: ab422d751e8e7d54ca3b26f2d46e3124, type: 3}
      propertyPath: m_LocalPosition.z
      value: 33.8
      objectReference: {fileID: 0}
    - target: {fileID: 267618708412479335, guid: ab422d751e8e7d54ca3b26f2d46e3124, type: 3}
      propertyPath: m_LocalRotation.w
      value: 0.92387986
      objectReference: {fileID: 0}
    - target: {fileID: 267618708412479335, guid: ab422d751e8e7d54ca3b26f2d46e3124, type: 3}
      propertyPath: m_LocalRotation.x
      value: -0
      objectReference: {fileID: 0}
    - target: {fileID: 267618708412479335, guid: ab422d751e8e7d54ca3b26f2d46e3124, type: 3}
      propertyPath: m_LocalRotation.y
      value: -0.3826828
      objectReference: {fileID: 0}
    - target: {fileID: 267618708412479335, guid: ab422d751e8e7d54ca3b26f2d46e3124, type: 3}
      propertyPath: m_LocalRotation.z
      value: -0
      objectReference: {fileID: 0}
    - target: {fileID: 267618708412479335, guid: ab422d751e8e7d54ca3b26f2d46e3124, type: 3}
      propertyPath: m_LocalEulerAnglesHint.x
      value: 0
      objectReference: {fileID: 0}
    - target: {fileID: 267618708412479335, guid: ab422d751e8e7d54ca3b26f2d46e3124, type: 3}
      propertyPath: m_LocalEulerAnglesHint.y
      value: 0
      objectReference: {fileID: 0}
    - target: {fileID: 267618708412479335, guid: ab422d751e8e7d54ca3b26f2d46e3124, type: 3}
      propertyPath: m_LocalEulerAnglesHint.z
      value: 0
      objectReference: {fileID: 0}
    - target: {fileID: 4054309937221086715, guid: ab422d751e8e7d54ca3b26f2d46e3124, type: 3}
      propertyPath: m_Name
      value: Win
      objectReference: {fileID: 0}
    - target: {fileID: 4054309937221086715, guid: ab422d751e8e7d54ca3b26f2d46e3124, type: 3}
      propertyPath: m_IsActive
      value: 0
      objectReference: {fileID: 0}
    m_RemovedComponents: []
  m_SourcePrefab: {fileID: 100100000, guid: ab422d751e8e7d54ca3b26f2d46e3124, type: 3}
--- !u!1 &328770322464445097 stripped
GameObject:
  m_CorrespondingSourceObject: {fileID: 4054309937221086715, guid: ab422d751e8e7d54ca3b26f2d46e3124, type: 3}
  m_PrefabInstance: {fileID: 4383070842931199826}
  m_PrefabAsset: {fileID: 0}
--- !u!1001 &6072368087662062537
PrefabInstance:
  m_ObjectHideFlags: 0
  serializedVersion: 2
  m_Modification:
    m_TransformParent: {fileID: 5756267843889927951}
    m_Modifications:
    - target: {fileID: 503994938835571980, guid: bcd0c8ae09852ef47afb225578a53456, type: 3}
      propertyPath: m_RootOrder
      value: 0
      objectReference: {fileID: 0}
    - target: {fileID: 503994938835571980, guid: bcd0c8ae09852ef47afb225578a53456, type: 3}
      propertyPath: m_LocalPosition.x
      value: -10.737839
      objectReference: {fileID: 0}
    - target: {fileID: 503994938835571980, guid: bcd0c8ae09852ef47afb225578a53456, type: 3}
      propertyPath: m_LocalPosition.y
      value: -0.033918858
      objectReference: {fileID: 0}
    - target: {fileID: 503994938835571980, guid: bcd0c8ae09852ef47afb225578a53456, type: 3}
      propertyPath: m_LocalPosition.z
      value: -8.620515
      objectReference: {fileID: 0}
    - target: {fileID: 503994938835571980, guid: bcd0c8ae09852ef47afb225578a53456, type: 3}
      propertyPath: m_LocalRotation.w
      value: 0.92387986
      objectReference: {fileID: 0}
    - target: {fileID: 503994938835571980, guid: bcd0c8ae09852ef47afb225578a53456, type: 3}
      propertyPath: m_LocalRotation.x
      value: -0
      objectReference: {fileID: 0}
    - target: {fileID: 503994938835571980, guid: bcd0c8ae09852ef47afb225578a53456, type: 3}
      propertyPath: m_LocalRotation.y
      value: -0.3826828
      objectReference: {fileID: 0}
    - target: {fileID: 503994938835571980, guid: bcd0c8ae09852ef47afb225578a53456, type: 3}
      propertyPath: m_LocalRotation.z
      value: -0
      objectReference: {fileID: 0}
    - target: {fileID: 503994938835571980, guid: bcd0c8ae09852ef47afb225578a53456, type: 3}
      propertyPath: m_LocalEulerAnglesHint.x
      value: 0
      objectReference: {fileID: 0}
    - target: {fileID: 503994938835571980, guid: bcd0c8ae09852ef47afb225578a53456, type: 3}
      propertyPath: m_LocalEulerAnglesHint.y
      value: 90
      objectReference: {fileID: 0}
    - target: {fileID: 503994938835571980, guid: bcd0c8ae09852ef47afb225578a53456, type: 3}
      propertyPath: m_LocalEulerAnglesHint.z
      value: 0
      objectReference: {fileID: 0}
    - target: {fileID: 987796945442688950, guid: bcd0c8ae09852ef47afb225578a53456, type: 3}
      propertyPath: m_Name
      value: chair
      objectReference: {fileID: 0}
    - target: {fileID: 987796945442688950, guid: bcd0c8ae09852ef47afb225578a53456, type: 3}
      propertyPath: m_StaticEditorFlags
      value: 4294967295
      objectReference: {fileID: 0}
    m_RemovedComponents: []
  m_SourcePrefab: {fileID: 100100000, guid: bcd0c8ae09852ef47afb225578a53456, type: 3}
--- !u!4 &5961620354494398149 stripped
Transform:
  m_CorrespondingSourceObject: {fileID: 503994938835571980, guid: bcd0c8ae09852ef47afb225578a53456, type: 3}
  m_PrefabInstance: {fileID: 6072368087662062537}
  m_PrefabAsset: {fileID: 0}
--- !u!1001 &6621351121082408026
PrefabInstance:
  m_ObjectHideFlags: 0
  serializedVersion: 2
  m_Modification:
    m_TransformParent: {fileID: 5756267843889927951}
    m_Modifications:
    - target: {fileID: 144629688288585285, guid: 58c4d77462dd0d7418dc453bab25efad, type: 3}
      propertyPath: m_LocalPosition.x
      value: -2.8149424
      objectReference: {fileID: 0}
    - target: {fileID: 144629688288585285, guid: 58c4d77462dd0d7418dc453bab25efad, type: 3}
      propertyPath: m_LocalPosition.y
      value: 4.4126744
      objectReference: {fileID: 0}
    - target: {fileID: 144629688288585285, guid: 58c4d77462dd0d7418dc453bab25efad, type: 3}
      propertyPath: m_LocalPosition.z
      value: 35.32684
      objectReference: {fileID: 0}
    - target: {fileID: 227077873005283344, guid: 58c4d77462dd0d7418dc453bab25efad, type: 3}
      propertyPath: m_StaticEditorFlags
      value: 4294967295
      objectReference: {fileID: 0}
    - target: {fileID: 511644306951307064, guid: 58c4d77462dd0d7418dc453bab25efad, type: 3}
      propertyPath: m_Name
      value: EndPlatform_01
      objectReference: {fileID: 0}
    - target: {fileID: 511644306951307064, guid: 58c4d77462dd0d7418dc453bab25efad, type: 3}
      propertyPath: m_StaticEditorFlags
      value: 4294967295
      objectReference: {fileID: 0}
    - target: {fileID: 887887962641966466, guid: 58c4d77462dd0d7418dc453bab25efad, type: 3}
      propertyPath: m_RootOrder
      value: 5
      objectReference: {fileID: 0}
    - target: {fileID: 887887962641966466, guid: 58c4d77462dd0d7418dc453bab25efad, type: 3}
      propertyPath: m_LocalPosition.x
      value: 10.43216
      objectReference: {fileID: 0}
    - target: {fileID: 887887962641966466, guid: 58c4d77462dd0d7418dc453bab25efad, type: 3}
      propertyPath: m_LocalPosition.y
      value: -3.882122
      objectReference: {fileID: 0}
    - target: {fileID: 887887962641966466, guid: 58c4d77462dd0d7418dc453bab25efad, type: 3}
      propertyPath: m_LocalPosition.z
      value: 4.539485
      objectReference: {fileID: 0}
    - target: {fileID: 887887962641966466, guid: 58c4d77462dd0d7418dc453bab25efad, type: 3}
      propertyPath: m_LocalRotation.w
      value: -0.38268277
      objectReference: {fileID: 0}
    - target: {fileID: 887887962641966466, guid: 58c4d77462dd0d7418dc453bab25efad, type: 3}
      propertyPath: m_LocalRotation.x
      value: -0
      objectReference: {fileID: 0}
    - target: {fileID: 887887962641966466, guid: 58c4d77462dd0d7418dc453bab25efad, type: 3}
      propertyPath: m_LocalRotation.y
      value: 0.92387986
      objectReference: {fileID: 0}
    - target: {fileID: 887887962641966466, guid: 58c4d77462dd0d7418dc453bab25efad, type: 3}
      propertyPath: m_LocalRotation.z
      value: -0
      objectReference: {fileID: 0}
    - target: {fileID: 887887962641966466, guid: 58c4d77462dd0d7418dc453bab25efad, type: 3}
      propertyPath: m_LocalEulerAnglesHint.x
      value: 0
      objectReference: {fileID: 0}
    - target: {fileID: 887887962641966466, guid: 58c4d77462dd0d7418dc453bab25efad, type: 3}
      propertyPath: m_LocalEulerAnglesHint.y
      value: 0
      objectReference: {fileID: 0}
    - target: {fileID: 887887962641966466, guid: 58c4d77462dd0d7418dc453bab25efad, type: 3}
      propertyPath: m_LocalEulerAnglesHint.z
      value: 0
      objectReference: {fileID: 0}
    - target: {fileID: 1331712860750743663, guid: 58c4d77462dd0d7418dc453bab25efad, type: 3}
      propertyPath: m_Materials.Array.data[0]
      value: 
      objectReference: {fileID: 2100000, guid: bbc5fec03bb5d1f4389a003ab5864151, type: 2}
    - target: {fileID: 1331712860750743663, guid: 58c4d77462dd0d7418dc453bab25efad, type: 3}
      propertyPath: m_Materials.Array.data[2]
      value: 
      objectReference: {fileID: 2100000, guid: 155bbcdabd6872b40abd1c3497d48312, type: 2}
    - target: {fileID: 1331712860750743663, guid: 58c4d77462dd0d7418dc453bab25efad, type: 3}
      propertyPath: m_Materials.Array.data[3]
      value: 
      objectReference: {fileID: 2100000, guid: e97bac660686ccf409f1d48dbc02a17f, type: 2}
    - target: {fileID: 3029165850762410365, guid: 58c4d77462dd0d7418dc453bab25efad, type: 3}
      propertyPath: m_Materials.Array.data[0]
      value: 
      objectReference: {fileID: 2100000, guid: 9dfe80ffd01d47d41a3a40c49cf17d2f, type: 2}
    - target: {fileID: 3029165850762410365, guid: 58c4d77462dd0d7418dc453bab25efad, type: 3}
      propertyPath: m_Materials.Array.data[1]
      value: 
      objectReference: {fileID: 2100000, guid: e97bac660686ccf409f1d48dbc02a17f, type: 2}
    - target: {fileID: 3029165850762410365, guid: 58c4d77462dd0d7418dc453bab25efad, type: 3}
      propertyPath: m_Materials.Array.data[2]
      value: 
      objectReference: {fileID: 2100000, guid: 155bbcdabd6872b40abd1c3497d48312, type: 2}
    - target: {fileID: 3029165850762410365, guid: 58c4d77462dd0d7418dc453bab25efad, type: 3}
      propertyPath: m_Materials.Array.data[3]
      value: 
      objectReference: {fileID: 2100000, guid: 39ae4b7068fcd554c8e87a28c67e3fb7, type: 2}
    - target: {fileID: 3029165850762410365, guid: 58c4d77462dd0d7418dc453bab25efad, type: 3}
      propertyPath: m_Materials.Array.data[4]
      value: 
      objectReference: {fileID: 2100000, guid: 53379006ee845a54a824f3578c768e54, type: 2}
    - target: {fileID: 3029165850762410365, guid: 58c4d77462dd0d7418dc453bab25efad, type: 3}
      propertyPath: m_Materials.Array.data[5]
      value: 
      objectReference: {fileID: 2100000, guid: 6dff09df4d05c344facc887a3d9572ef, type: 2}
    - target: {fileID: 3029165850762410365, guid: 58c4d77462dd0d7418dc453bab25efad, type: 3}
      propertyPath: m_Materials.Array.data[6]
      value: 
      objectReference: {fileID: 2100000, guid: eec19fde77442d64db17531b8d1071bf, type: 2}
    m_RemovedComponents: []
  m_SourcePrefab: {fileID: 100100000, guid: 58c4d77462dd0d7418dc453bab25efad, type: 3}
--- !u!1 &6396657230494864458 stripped
GameObject:
  m_CorrespondingSourceObject: {fileID: 227077873005283344, guid: 58c4d77462dd0d7418dc453bab25efad, type: 3}
  m_PrefabInstance: {fileID: 6621351121082408026}
  m_PrefabAsset: {fileID: 0}
--- !u!4 &6319019385153321432 stripped
Transform:
  m_CorrespondingSourceObject: {fileID: 887887962641966466, guid: 58c4d77462dd0d7418dc453bab25efad, type: 3}
  m_PrefabInstance: {fileID: 6621351121082408026}
  m_PrefabAsset: {fileID: 0}
--- !u!1001 &7282508865682938015
PrefabInstance:
  m_ObjectHideFlags: 0
  serializedVersion: 2
  m_Modification:
    m_TransformParent: {fileID: 5756267843889927951}
    m_Modifications:
    - target: {fileID: 503994938835571980, guid: bcd0c8ae09852ef47afb225578a53456, type: 3}
      propertyPath: m_RootOrder
      value: 2
      objectReference: {fileID: 0}
    - target: {fileID: 503994938835571980, guid: bcd0c8ae09852ef47afb225578a53456, type: 3}
      propertyPath: m_LocalPosition.x
      value: -2.5378394
      objectReference: {fileID: 0}
    - target: {fileID: 503994938835571980, guid: bcd0c8ae09852ef47afb225578a53456, type: 3}
      propertyPath: m_LocalPosition.y
      value: -0.033918858
      objectReference: {fileID: 0}
    - target: {fileID: 503994938835571980, guid: bcd0c8ae09852ef47afb225578a53456, type: 3}
      propertyPath: m_LocalPosition.z
      value: -8.420515
      objectReference: {fileID: 0}
    - target: {fileID: 503994938835571980, guid: bcd0c8ae09852ef47afb225578a53456, type: 3}
      propertyPath: m_LocalRotation.w
      value: 0.92387986
      objectReference: {fileID: 0}
    - target: {fileID: 503994938835571980, guid: bcd0c8ae09852ef47afb225578a53456, type: 3}
      propertyPath: m_LocalRotation.x
      value: -0
      objectReference: {fileID: 0}
    - target: {fileID: 503994938835571980, guid: bcd0c8ae09852ef47afb225578a53456, type: 3}
      propertyPath: m_LocalRotation.y
      value: 0.38268277
      objectReference: {fileID: 0}
    - target: {fileID: 503994938835571980, guid: bcd0c8ae09852ef47afb225578a53456, type: 3}
      propertyPath: m_LocalRotation.z
      value: -0
      objectReference: {fileID: 0}
    - target: {fileID: 503994938835571980, guid: bcd0c8ae09852ef47afb225578a53456, type: 3}
      propertyPath: m_LocalEulerAnglesHint.x
      value: 0
      objectReference: {fileID: 0}
    - target: {fileID: 503994938835571980, guid: bcd0c8ae09852ef47afb225578a53456, type: 3}
      propertyPath: m_LocalEulerAnglesHint.y
      value: 180
      objectReference: {fileID: 0}
    - target: {fileID: 503994938835571980, guid: bcd0c8ae09852ef47afb225578a53456, type: 3}
      propertyPath: m_LocalEulerAnglesHint.z
      value: 0
      objectReference: {fileID: 0}
    - target: {fileID: 987796945442688950, guid: bcd0c8ae09852ef47afb225578a53456, type: 3}
      propertyPath: m_Name
      value: chair (2)
      objectReference: {fileID: 0}
    - target: {fileID: 987796945442688950, guid: bcd0c8ae09852ef47afb225578a53456, type: 3}
      propertyPath: m_StaticEditorFlags
      value: 4294967295
      objectReference: {fileID: 0}
    m_RemovedComponents: []
  m_SourcePrefab: {fileID: 100100000, guid: bcd0c8ae09852ef47afb225578a53456, type: 3}
--- !u!4 &7200736287560142227 stripped
Transform:
  m_CorrespondingSourceObject: {fileID: 503994938835571980, guid: bcd0c8ae09852ef47afb225578a53456, type: 3}
  m_PrefabInstance: {fileID: 7282508865682938015}
  m_PrefabAsset: {fileID: 0}
--- !u!1001 &7282508865852025843
PrefabInstance:
  m_ObjectHideFlags: 0
  serializedVersion: 2
  m_Modification:
    m_TransformParent: {fileID: 5756267843889927951}
    m_Modifications:
    - target: {fileID: 503994938835571980, guid: bcd0c8ae09852ef47afb225578a53456, type: 3}
      propertyPath: m_RootOrder
      value: 1
      objectReference: {fileID: 0}
    - target: {fileID: 503994938835571980, guid: bcd0c8ae09852ef47afb225578a53456, type: 3}
      propertyPath: m_LocalPosition.x
      value: -6.737839
      objectReference: {fileID: 0}
    - target: {fileID: 503994938835571980, guid: bcd0c8ae09852ef47afb225578a53456, type: 3}
      propertyPath: m_LocalPosition.y
      value: -0.033918858
      objectReference: {fileID: 0}
    - target: {fileID: 503994938835571980, guid: bcd0c8ae09852ef47afb225578a53456, type: 3}
      propertyPath: m_LocalPosition.z
      value: -6.7205153
      objectReference: {fileID: 0}
    - target: {fileID: 503994938835571980, guid: bcd0c8ae09852ef47afb225578a53456, type: 3}
      propertyPath: m_LocalRotation.w
      value: 1
      objectReference: {fileID: 0}
    - target: {fileID: 503994938835571980, guid: bcd0c8ae09852ef47afb225578a53456, type: 3}
      propertyPath: m_LocalRotation.x
      value: -0
      objectReference: {fileID: 0}
    - target: {fileID: 503994938835571980, guid: bcd0c8ae09852ef47afb225578a53456, type: 3}
      propertyPath: m_LocalRotation.y
      value: -0
      objectReference: {fileID: 0}
    - target: {fileID: 503994938835571980, guid: bcd0c8ae09852ef47afb225578a53456, type: 3}
      propertyPath: m_LocalRotation.z
      value: -0
      objectReference: {fileID: 0}
    - target: {fileID: 503994938835571980, guid: bcd0c8ae09852ef47afb225578a53456, type: 3}
      propertyPath: m_LocalEulerAnglesHint.x
      value: 0
      objectReference: {fileID: 0}
    - target: {fileID: 503994938835571980, guid: bcd0c8ae09852ef47afb225578a53456, type: 3}
      propertyPath: m_LocalEulerAnglesHint.y
      value: 135
      objectReference: {fileID: 0}
    - target: {fileID: 503994938835571980, guid: bcd0c8ae09852ef47afb225578a53456, type: 3}
      propertyPath: m_LocalEulerAnglesHint.z
      value: 0
      objectReference: {fileID: 0}
    - target: {fileID: 987796945442688950, guid: bcd0c8ae09852ef47afb225578a53456, type: 3}
      propertyPath: m_Name
      value: chair (1)
      objectReference: {fileID: 0}
    - target: {fileID: 987796945442688950, guid: bcd0c8ae09852ef47afb225578a53456, type: 3}
      propertyPath: m_StaticEditorFlags
      value: 4294967295
      objectReference: {fileID: 0}
    m_RemovedComponents: []
  m_SourcePrefab: {fileID: 100100000, guid: bcd0c8ae09852ef47afb225578a53456, type: 3}
--- !u!4 &7200736287729237759 stripped
Transform:
  m_CorrespondingSourceObject: {fileID: 503994938835571980, guid: bcd0c8ae09852ef47afb225578a53456, type: 3}
  m_PrefabInstance: {fileID: 7282508865852025843}
  m_PrefabAsset: {fileID: 0}
--- !u!1001 &7282508866912180773
PrefabInstance:
  m_ObjectHideFlags: 0
  serializedVersion: 2
  m_Modification:
    m_TransformParent: {fileID: 5756267843889927951}
    m_Modifications:
    - target: {fileID: 503994938835571980, guid: bcd0c8ae09852ef47afb225578a53456, type: 3}
      propertyPath: m_RootOrder
      value: 3
      objectReference: {fileID: 0}
    - target: {fileID: 503994938835571980, guid: bcd0c8ae09852ef47afb225578a53456, type: 3}
      propertyPath: m_LocalPosition.x
      value: -0.8378395
      objectReference: {fileID: 0}
    - target: {fileID: 503994938835571980, guid: bcd0c8ae09852ef47afb225578a53456, type: 3}
      propertyPath: m_LocalPosition.y
      value: -0.033918858
      objectReference: {fileID: 0}
    - target: {fileID: 503994938835571980, guid: bcd0c8ae09852ef47afb225578a53456, type: 3}
      propertyPath: m_LocalPosition.z
      value: -12.620515
      objectReference: {fileID: 0}
    - target: {fileID: 503994938835571980, guid: bcd0c8ae09852ef47afb225578a53456, type: 3}
      propertyPath: m_LocalRotation.w
      value: 0.70710784
      objectReference: {fileID: 0}
    - target: {fileID: 503994938835571980, guid: bcd0c8ae09852ef47afb225578a53456, type: 3}
      propertyPath: m_LocalRotation.x
      value: -0
      objectReference: {fileID: 0}
    - target: {fileID: 503994938835571980, guid: bcd0c8ae09852ef47afb225578a53456, type: 3}
      propertyPath: m_LocalRotation.y
      value: 0.7071058
      objectReference: {fileID: 0}
    - target: {fileID: 503994938835571980, guid: bcd0c8ae09852ef47afb225578a53456, type: 3}
      propertyPath: m_LocalRotation.z
      value: -0
      objectReference: {fileID: 0}
    - target: {fileID: 503994938835571980, guid: bcd0c8ae09852ef47afb225578a53456, type: 3}
      propertyPath: m_LocalEulerAnglesHint.x
      value: 0
      objectReference: {fileID: 0}
    - target: {fileID: 503994938835571980, guid: bcd0c8ae09852ef47afb225578a53456, type: 3}
      propertyPath: m_LocalEulerAnglesHint.y
      value: 225
      objectReference: {fileID: 0}
    - target: {fileID: 503994938835571980, guid: bcd0c8ae09852ef47afb225578a53456, type: 3}
      propertyPath: m_LocalEulerAnglesHint.z
      value: 0
      objectReference: {fileID: 0}
    - target: {fileID: 987796945442688950, guid: bcd0c8ae09852ef47afb225578a53456, type: 3}
      propertyPath: m_Name
      value: chair (3)
      objectReference: {fileID: 0}
    - target: {fileID: 987796945442688950, guid: bcd0c8ae09852ef47afb225578a53456, type: 3}
      propertyPath: m_StaticEditorFlags
      value: 4294967295
      objectReference: {fileID: 0}
    m_RemovedComponents: []
  m_SourcePrefab: {fileID: 100100000, guid: bcd0c8ae09852ef47afb225578a53456, type: 3}
--- !u!4 &7200736288747376425 stripped
Transform:
  m_CorrespondingSourceObject: {fileID: 503994938835571980, guid: bcd0c8ae09852ef47afb225578a53456, type: 3}
  m_PrefabInstance: {fileID: 7282508866912180773}
  m_PrefabAsset: {fileID: 0}
--- !u!1001 &7282508867084929446
PrefabInstance:
  m_ObjectHideFlags: 0
  serializedVersion: 2
  m_Modification:
    m_TransformParent: {fileID: 5756267843889927951}
    m_Modifications:
    - target: {fileID: 503994938835571980, guid: bcd0c8ae09852ef47afb225578a53456, type: 3}
      propertyPath: m_RootOrder
      value: 4
      objectReference: {fileID: 0}
    - target: {fileID: 503994938835571980, guid: bcd0c8ae09852ef47afb225578a53456, type: 3}
      propertyPath: m_LocalPosition.x
      value: -2.6378398
      objectReference: {fileID: 0}
    - target: {fileID: 503994938835571980, guid: bcd0c8ae09852ef47afb225578a53456, type: 3}
      propertyPath: m_LocalPosition.y
      value: -0.033918858
      objectReference: {fileID: 0}
    - target: {fileID: 503994938835571980, guid: bcd0c8ae09852ef47afb225578a53456, type: 3}
      propertyPath: m_LocalPosition.z
      value: -16.620516
      objectReference: {fileID: 0}
    - target: {fileID: 503994938835571980, guid: bcd0c8ae09852ef47afb225578a53456, type: 3}
      propertyPath: m_LocalRotation.w
      value: 0.3826854
      objectReference: {fileID: 0}
    - target: {fileID: 503994938835571980, guid: bcd0c8ae09852ef47afb225578a53456, type: 3}
      propertyPath: m_LocalRotation.x
      value: -0
      objectReference: {fileID: 0}
    - target: {fileID: 503994938835571980, guid: bcd0c8ae09852ef47afb225578a53456, type: 3}
      propertyPath: m_LocalRotation.y
      value: 0.92387867
      objectReference: {fileID: 0}
    - target: {fileID: 503994938835571980, guid: bcd0c8ae09852ef47afb225578a53456, type: 3}
      propertyPath: m_LocalRotation.z
      value: -0
      objectReference: {fileID: 0}
    - target: {fileID: 503994938835571980, guid: bcd0c8ae09852ef47afb225578a53456, type: 3}
      propertyPath: m_LocalEulerAnglesHint.x
      value: 0
      objectReference: {fileID: 0}
    - target: {fileID: 503994938835571980, guid: bcd0c8ae09852ef47afb225578a53456, type: 3}
      propertyPath: m_LocalEulerAnglesHint.y
      value: 270
      objectReference: {fileID: 0}
    - target: {fileID: 503994938835571980, guid: bcd0c8ae09852ef47afb225578a53456, type: 3}
      propertyPath: m_LocalEulerAnglesHint.z
      value: 0
      objectReference: {fileID: 0}
    - target: {fileID: 987796945442688950, guid: bcd0c8ae09852ef47afb225578a53456, type: 3}
      propertyPath: m_Name
      value: chair (4)
      objectReference: {fileID: 0}
    - target: {fileID: 987796945442688950, guid: bcd0c8ae09852ef47afb225578a53456, type: 3}
      propertyPath: m_StaticEditorFlags
      value: 4294967295
      objectReference: {fileID: 0}
    m_RemovedComponents: []
  m_SourcePrefab: {fileID: 100100000, guid: bcd0c8ae09852ef47afb225578a53456, type: 3}
--- !u!4 &7200736288978853034 stripped
Transform:
  m_CorrespondingSourceObject: {fileID: 503994938835571980, guid: bcd0c8ae09852ef47afb225578a53456, type: 3}
  m_PrefabInstance: {fileID: 7282508867084929446}
  m_PrefabAsset: {fileID: 0}
